4675 6000
1120 897 1365 962 ..36-

368 1072 475 1136 Oscae
494 1068 632 1157 linguas
652 1063 807 1128 dialectis
827 1080 896 1125 non
916 1062 1053 1149 legitur.
1095 1058 1197 1125 Licet
1213 1078 1291 1123 cum
1312 1058 1445 1122 Latinis
1466 1055 1635 1123 adverbiis
1654 1077 1767 1145 aequo,
1788 1059 1964 1144 eequsssdo,
1985 1076 2120 1146 compa·

368 1186 514 1255 randum
534 1185 703 1261 videatur,
734 1200 802 1245 non
830 1190 942 1245 umen
970 1180 1223 1266 interrogativi,
1257 1175 1317 1241 ssd
1344 1176 1481 1240 relativi
1511 1173 1678 1258 adverbii,
1711 1198 1788 1241 cum
1800 1212 1802 1215 ·
1814 1179 2063 1263 praepositione
2082 1177 2121 1243 eb

368 1306 557 1391 compositi,
578 1305 650 1368 vim
671 1300 790 1364 habeta
813 1298 937 1365 ettam
956 1297 1045 1362 enim
1066 1318 1100 1361 v.
1127 1299 1175 1362 15.
1199 1293 1314 1360 eadem
1336 1297 1469 1360 ratione
1489 1292 1532 1358 ad
1545 1293 1847 1362 demonstrativum
1866 1297 1997 1379 iob(eo)
2017 1317 2049 1361 v.
2068 1300 2117 1365 lb

369 1429 531 1502 retertur,
553 1439 619 1505 qua
637 1439 710 1503 pum
730 1440 763 1483 v.
786 1418 837 1483 12.
858 1414 902 1480 ad
920 1414 977 1481 t'ub
996 1436 1030 1483 v.
1053 1418 1118 1497 11,
1139 1411 1221 1480 durn
1241 1413 1323 1478 haec
1344 1415 1410 1479 sibi
1431 1412 1648 1499 respondente

449 1561 483 1608 v.
507 1542 547 1606 11
568 1559 638 1623 sqq.
662 1538 717 1604 iub
739 1534 974 1616 triburablsiuf,
992 1552 1067 1617 pam
1086 1532 1258 1599 Novianos
1279 1532 1462 1600 tribulatae
1482 1543 1569 1600 tasat
1589 1543 1653 1597 cat

447 1680 483 1724 r.
506 1660 548 1727 lb
569 1677 640 1742 sqq.
663 1656 784 1722 abbani
803 1654 920 1736 seoipd
936 1650 1100 1719 Abelloao
1123 1651 1301 1718 tribulabat·
1322 1660 1419 1733 toset,
1440 1652 1495 1718 ioh
1516 1650 1746 1733 tn'bodobks‘of
1762 1660 1825 1718 cet

536 1774 580 1839 In
599 1775 664 1856 his,
686 1796 788 1860 quum
809 1771 926 1838 eadam
946 1774 1020 1836 iere
1038 1772 1216 1852 sententia,
1238 1773 1303 1837 etsi
1322 1772 1458 1847 inverso
1471 1768 1601 1852 ordine,
1618 1770 1761 1858 legatur,
1783 1770 1905 1836 albuni
1922 1772 1995 1835 sins
2015 1770 2119 1835 dubio

368 1895 459 1961 idem
477 1894 656 1983 significat,
677 1890 769 1977 quod
795 1891 978 1956 relativum
1004 1888 1205 1955 adverbium
1222 1910 1309 1975 pass,
1330 1887 1420 1975 quod
1439 1910 1544 1972 quum
1570 1887 1615 1953 ad
1632 1886 1723 1953 idem
1744 1886 2043 1956 demonstrativum
2063 1890 2120 1957 iub

369 2017 442 2080 siva
461 2012 517 2080 toi
546 2014 729 2092 referatur,
760 2012 799 2073 iu
830 2007 1092 2073 determinativo
1123 2027 1203 2070 casu
1233 2008 1388 2070 seminini
1417 2009 1552 2096 generis
1582 2025 1646 2093 pro
1678 2027 1743 2092 quo
1761 2017 1858 2091 parta
1885 2011 2032 2095 positum
2057 2017 2118 2074 est

369 2132 520 2217 Quodsi
540 2132 668 2197 ebbone
686 2125 779 2192 idem
799 2126 979 2214 significat,
1010 2123 1101 2210 quod
1121 2124 1253 2206 abkumi,
1275 2144 1343 2188 non
1364 2124 1475 2189 solum
1494 2126 1628 2190 vocales
1649 2146 1672 2189 u
1692 2137 1727 2190 et
1747 2147 1779 2207 o,
1800 2129 1890 2191 sicut
1908 2129 1947 2190 in
1966 2125 2120 2192 ablativis

368 2251 426 2318 tat
446 2260 481 2315 et
500 2249 556 2316 iols
577 2257 653 2327 aet,
674 2242 733 2308 sed
753 2246 856 2308 etiam
878 2253 1097 2309 consonantes
1115 2262 1138 2326 p
1161 2238 1294 2309 attin
1312 2262 1387 2327 pota
1408 2253 1443 2309 et
1463 2244 1592 2308 ekkosra
1612 2245 1684 2309 sive
1700 2244 1831 2319 etant,
1851 2247 1890 2307 in
1910 2245 2030 2328 quibus
2051 2255 2121 2309 ter·

369 2367 513 2434 minatio
534 2381 668 2449 quoque
687 2364 811 2442 variat,
833 2364 980 2426 interae
1001 2361 1192 2446 permutari
1211 2361 1373 2426 solebant.
1414 2360 1537 2425 Vocati
1556 2364 1571 2428 ι’
1590 2362 1628 2423 in
1648 2365 1802 2445 sequenti
1822 2382 1905 2427 voce
1927 2362 2122 2429 tn‘ibatslass

221 2491 229 2502 '
369 2506 440 2551 non
460 2482 630 2572 designari
650 2478 851 2566 productam
871 2477 1048 2560 syllabam,
1075 2477 1252 2540 anomine
1274 2477 1406 2541 tria'bom
1425 2475 1463 2537 in
1484 2474 1685 2562 Pompeiana
1704 2479 1924 2563 inscriptione
1944 2483 2012 2561 iam
2033 2478 2122 2545 didi·

369 2608 495 2671 cimus:
518 2598 712 2688 designatur
731 2600 841 2686 igitur
862 2595 1024 2662 tribulosa
1044 2596 1142 2682 ragio
1162 2596 1254 2657 inter
1263 2590 1435 2658 Nolanum
1455 2592 1764 2677 atquaAbellanum
1784 2615 1904 2684 mrum
1924 2599 2000 2680 sits,
2022 2620 2122 2685 quam

371 2726 402 2788 si
421 2742 498 2786 cum
517 2719 746 2782 Romanorum
770 2712 931 2781 tribulosa
952 2722 1042 2777 tarro
1065 2712 1120 2776 vcl
1146 2707 1354 2776 Graecorum
1380 2709 1667 2799 τριβολοέσσῃ
1692 2711 1742 2800 γῇ
1771 2733 1953 2800 compares,
1985 2729 2122 2804 praeter

370 2841 504 2908 vocales
524 2857 545 2901 u
565 2845 601 2901 et
620 2854 641 2898 o
661 2835 734 2897 sive
754 2852 778 2896 ss
806 2839 1027 2896 consonantes
1047 2849 1066 2895 s
1087 2837 1122 2892 et
1141 2828 1165 2894 la
1185 2848 1316 2915 quoque
1343 2838 1588 2914 permutantur.
1631 2827 1810 2897 Praeterea
1836 2834 1874 2896 in
1903 2834 1988 2900 locis
2018 2857 2123 2923 supra

372 2957 575 3044 comparatis
595 2971 664 3018 non
684 2952 793 3017 solum
813 2950 960 3040 genitivi
981 2947 1165 3016 tribulatae
1188 2956 1223 3012 et
1244 2947 1422 3015 tribulabat
1451 2957 1522 3013 tam
1547 2948 1586 3012 in
1605 2967 1634 3028 e,
1667 2969 1765 3035 quam
1795 2953 1833 3016 in
1859 2952 1874 3018 i
1899 2965 2033 3037 exeunt,
2061 2955 2120 3022 sed

371 3097 435 3166 pro
457 3047 607 3139 ¹ablativo
629 3068 856 3151 triburabbius
873 3071 975 3134 etiam
997 3067 1228 3149 tribadaltln‘of
1243 3068 1348 3133 scribi
1369 3070 1496 3153 potuit:
1519 3069 1556 3130 in
1577 3069 1696 3153 quibus
1717 3089 1786 3134 non
1806 3072 1917 3137 solum
1938 3093 2120 3142 consonan-

371 3197 459 3262 tium
479 3192 504 3274 l,
526 3213 555 3275 r,
575 3191 609 3271 d,
630 3188 689 3255 sed
708 3189 879 3254 vocalium
900 3207 1030 3273 qnoque
1051 3209 1084 3270 a,
1105 3209 1138 3269 o,
1158 3207 1194 3266 rs,
1215 3188 1419 3274 permutatio
1439 3184 1587 3250 notanda
1607 3195 1668 3254 sat.

539 3308 639 3393 Quod
666 3310 836 3397 genitivus
863 3310 901 3372 in
927 3328 967 3372 aa
994 3307 1048 3373 vel
1075 3309 1111 3373 ai
1136 3325 1200 3391 pro
1223 3325 1260 3370 as
1281 3306 1442 3371 Randnaa
1462 3306 1595 3371 tabulas
1622 3316 1728 3388 uest,
1758 3327 1826 3372 non
1847 3320 1897 3375 est
1916 3309 2120 3395 mirandum,

372 3431 453 3518 quia
473 3426 590 3495 eadem
609 3431 682 3493 iare
692 3429 793 3491 flexio
814 3428 852 3490 in
872 3425 1090 3511 aliisquoqua
1111 3424 1388 3510 inscriptionibus
1409 3424 1555 3513 legitur3
1576 3428 1683 3515 magis
1703 3426 1876 3493 mirandus
1897 3440 1982 3495 assat
2001 3432 2122 3497 ablab'·

371 3572 436 3618 vus
456 3552 494 3613 in
513 3548 559 3633 uf
574 3548 632 3614 vel
651 3546 696 3631 of
711 3566 775 3633 pro
796 3544 840 3627 of
854 3548 929 3610 sive
947 3545 994 3610 cd
1012 3544 1179 3624 desinens,
1204 3544 1272 3607 nisi
1299 3547 1337 3606 in
1364 3543 1516 3631 Iguvinis
1541 3563 1676 3630 quoque
1704 3545 1828 3611 tabulis
1852 3545 1969 3612 eadem
1989 3551 2121 3637 generis

373 3668 578 3758 permutatio
600 3666 848 3732 observaretur.
890 3663 964 3728 lmo
984 3663 1205 3728 masculinam
1224 3663 1403 3726 flexionem
1422 3662 1460 3726 in
1480 3661 1630 3729 ablativo
1651 3683 1730 3729 casu
1751 3683 1815 3748 pro
1836 3667 2008 3750 feminina,
2033 3661 2123 3736 sicut

374 3807 489 3852 omnes
509 3785 671 3862 Ausones,
693 3786 797 3848 etiam
817 3785 949 3869 antiqui
965 3782 1197 3846 Romanorum
1216 3783 1410 3868 scriptores,
1433 3783 1492 3867 qui
1512 3803 1533 3849 e
1553 3785 1725 3849 contrario
1745 3804 1844 3871 saepe
1864 3787 1901 3849 in
1922 3789 2122 3856 masculino·

374 3928 454 3971 rum
480 3905 691 3971 nominativo
718 3904 880 3967 feminina
906 3903 1053 3966 flexione
1079 3902 1133 3965 uti
1160 3901 1333 3981 solebant,
1348 3921 1525 3988 usurpasse
1544 3900 1713 3967 videntur.
1761 3903 1854 3967 Hinc
1875 3915 1967 3969 recte
1988 3906 2123 3991 quidem

373 4026 488 4089 Festus
508 4044 535 4090 s.
557 4043 590 4088 v.
612 4031 702 4088 recto
721 4020 835 4105 fronte
856 4042 875 4086 e
896 4017 1033 4085 Catonis
1053 4017 1290 4085 dinmtatiom
1316 4021 1508 4086 consulatus
1534 4022 1692 4106 scripsitt
1721 4017 1906 4105 »Antiquae
1925 4020 1963 4086 id
1984 4044 2122 4090 consue·

377 4141 522 4212 »tudinis
532 4141 610 4222 fuit,
631 4150 672 4206 nt
691 4160 770 4205 cum
789 4141 839 4204 ait
849 4140 977 4204 Ennius
990 4157 1125 4226 qnoque
1144 4159 1166 4203 o
1185 4141 1455 4223 stirpssspremo,
1477 4149 1512 4204 et
1529 4139 1596 4206 llio
1616 4140 1672 4204 dis
1693 4157 1802 4222 nepos,
1824 4150 1861 4204 et
1881 4140 1977 4224 lupus
1989 4142 2120 4226 femina,

378 4271 431 4326 aet
450 4261 541 4326 nulla
560 4269 673 4341 arctus,
697 4293 736 4307 -
758 4278 843 4344 quas
863 4276 933 4322 non
951 4260 1107 4340 uirilis,
1135 4255 1195 4323 scd
1220 4268 1260 4323 ut
1285 4260 1457 4343 antiquam
1483 4254 1757 4321 consuetudinem
1782 4262 1939 4325 oestantia
1965 4259 2123 4327 debemus

376 4381 580 4465 recuperes
622 4377 663 4443 Si
682 4396 767 4444 vero
788 4375 903 4442 addit:
928 4377 1057 4442 »Etiam
1077 4378 1114 4440 in
1135 4378 1385 4442 commentariis
1405 4394 1581 4439 sacrorum
1590 4375 1836 4459 pontificalium
1856 4382 2053 4465 frequenter
2072 4392 2125 4447 est

374 4498 430 4566 bic
449 4501 520 4565 ouis
539 4507 574 4563 et
594 4497 674 4565 baec
693 4516 813 4583 agnus,
834 4495 915 4562 baec
932 4513 1082 4578 peresa«
1107 4494 1242 4562 diversa
1263 4505 1315 4562 est
1334 4496 1434 4575 ratio,
1455 4492 1725 4578 quampluribus
1739 4495 1797 4560 bic
1815 4497 1988 4562 illustrare
2007 4497 2120 4566 uocat

374 4613 665 4700 Quemadmodum
683 4618 791 4700 saeptis
820 4611 1003 4680 secundum
1022 4613 1175 4681 Nonium
1194 4615 1246 4683 M.
1258 4613 1321 4696 111,
1334 4615 1405 4682 147.
1428 4612 1470 4677 ab
1489 4613 1599 4678 Ennio
1621 4612 1736 4679 eadem
1755 4613 1893 4679 licentia
1912 4634 2012 4700 nepos
2031 4615 2124 4685 dicos

375 4747 437 4817 est,
458 4757 526 4820 qua
545 4737 621 4813 dux,
642 4745 759 4800 auctor
779 4743 842 4801 cat
862 4735 900 4798 in
921 4736 1084 4800 feminino
1106 4754 1239 4820 quoque
1260 4752 1383 4823 puers
1404 4730 1472 4796 dici
1492 4732 1597 4814 solet3
1628 4735 1679 4796 sic
1708 4733 1759 4799 Μ
1791 4732 1906 4798 Varro
1939 4735 2122 4806 secundum

375 4852 625 4938 Quintilianum
646 4853 729 4922 Inst.
754 4864 840 4921 orat.
863 4851 936 4934 1‚t‚
950 4856 1012 4934 lt,
1042 4854 1189 4917 Ennium
1209 4852 1444 4936 Pictoremque
1463 4851 1603 4915 Fabium
1630 4861 1774 4930 secutus,
1803 4851 1840 4913 ia
1860 4871 1902 4916 eo
1921 4852 2024 4935 libro,
2052 4876 2121 4941 quo

373 4973 475 5038 initia
493 4973 590 5038 urbis
609 4974 735 5039 Romae
756 4974 941 5054 enarravit,
963 4972 1070 5055 lupata
1097 4972 1247 5055 seminam
1268 4969 1365 5037 dixit.
1409 4969 1462 5034 Da
1481 4970 1591 5035 multa
1609 4977 1724 5034 autem
1745 4967 1876 5035 Gallius
1896 4969 1958 5053 Xl,
1972 4979 2014 5055 l.,
2038 4993 2122 5060 quo·

374 5111 451 5157 cum
471 5091 601 5159 Plinius
620 5093 668 5161 H.
679 5091 725 5160 N.
737 5091 869 5171 XVIII,
878 5095 910 5160 3.
934 5088 976 5155 da
995 5090 1197 5156 multatione
1225 5092 1342 5155 ovium
1369 5088 1535 5175 boumque
1560 5087 1733 5173 impendio
1759 5087 1850 5155 dicta
1878 5090 2122 5178 comparandus
2176 5097 2182 5104 ‘

373 5219 435 5293 est,
457 5211 539 5279 haas
559 5214 755 5279 annotavits
778 5204 942 5294 »Quando
961 5228 1052 5274 nunc
1071 5228 1208 5293 quoque
1227 5230 1249 5274 a
1270 5208 1518 5298 magistratibus
1538 5208 1658 5297 populi
1677 5207 1819 5276 Romani
1838 5229 1935 5278 more
1954 5213 2121 5294 majorum
