4675 6000
718 1495 1605 1608 Praefatio.

945 1812 1363 1827 W

444 2079 673 2211 Absolutis
700 2133 924 2210 rudimentis
947 2131 1094 2227 linguae
1106 2128 1319 2224 Umbricae,
1345 2141 1525 2230 qnatenus
1548 2154 1595 2206 ex
1611 2128 1915 2229 inscriptionibus
1940 2130 2030 2202 anii-
2089 2134 2127 2237 ‘,

279 2273 365 2370 quis
390 2271 544 2346 sandari
567 2297 590 2345 a
613 2278 901 2368 mepotuerunt
925 2268 1028 2341 idem
1043 2265 1260 2362 'periculum
1285 2266 1438 2338 inOsoo
1463 2290 1636 2341 sermons
1659 2265 1871 2340 extricando
1893 2265 2030 2338 facien·

276 2406 372 2481 dum
395 2407 544 2499 putavit
568 2407 666 2472 inter
675 2410 873 2495 utramque
893 2398 1001 2471 enim
1014 2397 1182 2492 linguam
1205 2406 1304 2471 tunm
1316 2398 1511 2472 intercedit
1532 2401 1755 2493 similitudo,
1779 2406 1834 2493 nt,
1852 2398 2030 2497 quioquid

282 2536 420 2610 incerti
455 2533 642 2631 roliuquat
675 2531 804 2607 Latini
837 2532 1027 2606 sermonis
1061 2532 1216 2624 notitia,
1255 2554 1303 2607 ex
1331 2530 1517 2607 Umbrico
1549 2533 1659 2608 facile
1691 2536 1811 2630 possit
1837 2533 2030 2608 illustrari.

274 2669 467 2746 Oscarum
492 2662 973 2766 qnidom'inscaiptionum,
995 2662 1094 2765 quaa
1114 2677 1273 2759 emtam,
1298 2670 1374 2741 uon
1399 2668 1502 2742 idem
1527 2680 1584 2742 est
1606 2670 1781 2759 ambitus,
1806 2669 1872 2765 qui
1895 2691 1965 2743 nos
1987 2667 2030 2739 in

276 2806 451 2881 eruendis
474 2803 665 2880 Umbricis
690 2802 853 2877 multum
875 2796 1022 2897 adjuvit
1029 2827 1041 2898 5
1066 2796 1132 2879 sod
1156 2798 1416 2902 praeterquam
1440 2802 1544 2901 quod
1567 2798 1783 2899 argumenta
1796 2824 1926 2874 aarum
1950 2801 2031 2874 sine

275 2932 355 3015 ullu
377 2936 600 3016 difficultate
623 2938 828 3031 diiudicare
842 2938 942 3032 licet,
965 2932 1044 3013 tam
1066 2939 1189 3015 multa
1209 2930 1484 3038 quoqueyarfis
1508 2939 1633 3014 modis
1657 2934 1812 3036 repetita
1834 2935 2030 3011 inveniun-

278 3084 351 3164 tur,
376 3082 422 3145 ut
445 3096 467 3144 e
490 3072 714 3169 comparatis
739 3069 832 3145 locis
846 3070 1034 3146 similibus
1056 3073 1150 3147 cs‘rti
1173 3067 1316 3171 aliquid
1330 3075 1379 3148 ds
1403 3073 1585 3148 sermonis
1607 3073 1737 3148 indole
1762 3072 1873 3148 statui
1897 3072 2027 3170 posia

279 3209 410 3294 Quum
431 3218 562 3281 auum
586 3209 730 3281 nonin
754 3205 860 3282 ltalia
896 3207 1020 3283 salsam
1052 3199 1230 3282 interiore
1253 3201 1438 3304 Campani
1471 3219 1510 3283 et
1531 3205 1722 3284 Samnites
1755 3207 1845 3282 cum
1868 3206 2029 3283 Lucanis

276 3354 392 3442 atque
424 3335 604 3435 Bruttiis,
644 3363 777 3416 varum
811 3344 927 3420 etiam
963 3345 1006 3416 in
1040 3341 1170 3442 Sicilia
1209 3343 1423 3418 Mamertini
1458 3343 1665 3426 Messanam
1701 3339 1905 3417 incolentes
1930 3342 2029 3416 Osce

275 3477 395 3554 tomo
419 3479 507 3572 siut,
533 3469 655 3551 variae
682 3469 902 3552 exstiturum
921 3467 1093 3553 titoni:
1120 3499 1236 3574 quare
1259 3501 1410 3553 necesse
1434 3487 1501 3572 ast,
1525 3488 1670 3552 utnon
1694 3488 1864 3574 tempora
1887 3477 2027 3568 solnm,

278 3613 346 3688 sod
371 3612 474 3688 loom
499 3633 647 3711 quoque
670 3613 941 3703 discernamus,
977 3613 1114 3710 quibus
1137 3605 1409 3710 inscriptiones,
1434 3635 1524 3712 qnae
1548 3612 1713 3689 Fortuna
1735 3613 1894 3708 benigna
1918 3613 2027 3686 nobis

277 3750 450 3840 mavit,
481 3757 647 3821 enarum
682 3748 766 3821 sint
817 3739 917 3821 Sunt
948 3735 1038 3820 illae
1050 3737 1189 3845 'neque
1222 3750 1358 3823 iisdem
1388 3748 1518 3843 literis,
1554 3772 1676 3848 nequa
1706 3748 1842 3823 ffidem
1874 3770 2026 3845 prorsus

278 3881 545 3958 vocabulorum
558 3875 705 3956 dormis
724 3883 965 3980 perscriptas,
989 3875 1249 3990 praetereaque
1264 3907 1340 3956 non
1366 3877 1492 3958 minus
1516 3886 1637 3959 varias
1659 3879 1888 3980 argumentis
1913 3905 2026 3981 qnam

276 4001 439 4094 ambitu,
476 4013 654 4093 Maxima
677 4041 766 4115 pars
790 4009 944 4117 qrsidem
975 4019 1017 4092 in
1041 4015 1249 4116 Campania
1272 4018 1333 4092 val
1356 4011 1509 4117 Capuae
1539 4019 1600 4094 vel
1625 4013 1741 4095 Nolae
1764 4018 1826 4112 aad
1850 4017 2027 4094 Hercula·

277 4153 341 4229 nsi
365 4165 475 4255 atque
499 4151 691 4252 Pompeiis
712 4155 756 4229 in
781 4147 907 4228 lucam
931 4163 1115 4252 protracta
1139 4165 1206 4247 est,
1239 4152 1303 4229 oui
1326 4155 1477 4228 nummi
1499 4151 1693 4246 accedunt,
1718 4178 1786 4253 per
1810 4164 1926 4228 totam
1951 4154 2027 4227 lere

277 4279 426 4364 leniam
447 4289 665 4364 inferiorum
689 4281 848 4365 dirersis
857 4281 1094 4387 temporibus
1116 4289 1255 4364 incasit
1278 4291 1321 4364 in
1343 4285 1536 4365 nonnullis
1548 4311 1696 4389 quoqne
1718 4290 2025 4388 inscriptionibus

275 4422 339 4498 vol
362 4425 533 4499 nummis
556 4435 634 4499 tam
655 4425 789 4502 Latina
810 4445 926 4525 quam
939 4419 1038 4501 Osca
1060 4427 1215 4500 nomina
1237 4419 1422 4522 leguntur,
1447 4427 1513 4501 ssd
1531 4427 1681 4501 nonnisi
1692 4451 1831 4524 paucae
1857 4437 1944 4499 sunt
1966 4426 2023 4497 in·

278 4560 498 4658 scriptiones
524 4558 644 4634 Oscas
666 4571 745 4635 tam
769 4583 905 4658 magno
936 4557 1103 4657 ambitu,
1136 4581 1253 4661 quam
1276 4560 1362 4655 illa,
1394 4583 1492 4662 quas
1517 4561 1668 4637 Graeu’s
1696 4559 1816 4636 literis
1846 4560 2024 4658 inscripta

281 4695 380 4790 apud
417 4696 627 4770 Messanam
657 4697 699 4769 in
733 4694 862 4771 Sicilia
892 4708 1038 4796 reperta
1067 4708 1138 4774 est.
1190 4697 1375 4772 Maximae
1407 4698 1581 4773 omnium
1617 4705 1706 4772 sunt
1741 4698 1835 4772 dnae
1864 4689 2024 4787 tabulae,

281 4850 439 4925 quarum
464 4829 577 4904 altera
602 4830 711 4906 Oscis
735 4830 854 4906 literis
879 4833 996 4906 incisa
1019 4844 1076 4907 est
1099 4831 1229 4930 lapidi,
1265 4834 1332 4932 qui
1357 4856 1432 4908 non
1457 4830 1588 4931 procul
1620 4835 1667 4905 ab
1692 4833 1785 4905 urba
1809 4829 1904 4906 Nola
1926 4832 2024 4904 inter

279 4962 414 5037 rudera
437 4966 570 5040 veteris
595 4967 754 5041 civitatis
765 4966 921 5043 Abellae
935 4969 986 5042 in
1001 4966 1207 5072 Campania
1230 4967 1323 5043 olim
1338 4966 1463 5064 jacuit,
1486 4967 1600 5042 altera
1623 4989 1735 5040 aenea
1757 4977 1825 5061 est,
1849 4967 1891 5041 in
1915 4965 2023 5039 rude-

278 5097 382 5174 ribus
407 5095 573 5194 Bantius,
606 5100 750 5178 Lucani
783 5106 926 5203 oppidi,
957 5115 1101 5203 reperta
1125 5114 1236 5202 atque
1259 5105 1301 5178 iu
1324 5127 1500 5180 museum
1523 5099 1800 5179 Herculanense
1823 5101 2022 5201 deportata.
