4675 6000
884 853 1243 957 .‘m’⁰

244 1023 347 1105 bitus,
366 1016 457 1085 unde
477 964 845 1121 propterbrgumente,
860 1017 955 1079 caria
974 1018 1138 1097 majorem
1160 1014 1298 1100 quidem
1310 1017 1754 1105 nominumverborumqns
1775 1023 1918 1105 copiam,
1939 1020 1998 1086 sed

243 1158 351 1226 pauca
373 1137 472 1202 modo
493 1135 536 1201 ad
556 1137 810 1226 grammaticam
832 1137 1016 1221 spectantia
1035 1134 1176 1221 haurire
1197 1136 1297 1216 licet;
1324 1137 1502 1225 nonnulla·
1517 1147 1628 1202 tamen
1649 1134 1743 1204 Oscis
1763 1144 1904 1227 propris
1924 1159 1996 1205 mo·

201 1312 210 1327 .
243 1256 352 1323 nenda
373 1268 464 1339 sunt,
483 1274 570 1340 qnae
589 1257 648 1321 vel
661 1252 711 1327 'od
731 1256 909 1333 literarum
929 1274 1028 1320 nsum
1047 1254 1104 1323 vel
1124 1253 1168 1317 ad
1188 1256 1372 1361 verborum
1386 1259 1518 1322 vfortnas
1543 1267 1704 1343 spectant.

665 1578 670 1587 ,
884 1476 919 1550 1.
971 1474 1033 1553 De
1057 1472 1256 1551 literarum
1280 1500 1358 1552 usu.

410 1610 529 1675 Ossam
550 1610 703 1697 linguam
724 1618 793 1673 tam
819 1609 962 1674 similem
991 1600 1274 1694 deprehendimus
1303 1611 1437 1695 priscae
1463 1611 1625 1686 Latinae,
1657 1622 1712 1688 nt,
1743 1630 1830 1699 quae
1861 1613 1997 1677 intersit

242 1728 445 1808 diffaremia
478 1746 556 1793 cum
576 1737 769 1813 temporum
789 1726 947 1810 decursu,
979 1739 1052 1793 tum
1072 1731 1250 1803 rariorum
1270 1730 1476 1815 populorum
1504 1734 1707 1796 commercio
1727 1702 1829 1816 quam
1851 1734 1996 1796 maxime

242 1852 362 1943 cffeqta
382 1847 547 1915 videatur.
592 1850 697 1914 Oscae
717 1852 853 1936 linquae
874 1851 1075 1915 mutatiiues
1103 1858 1249 1915 testatur
1269 1851 1420 1933 ipsarum
1440 1852 1700 1935 inscriptionum
1720 1854 1879 1930 varietas,
1909 1868 1996 1935 quae

241 1977 443 2034 umentem
464 1968 586 2056 exigua
607 1977 669 2047 est,
698 1978 740 2032 ut
760 1969 902 2033 Bautica
921 1969 1049 2058 tabula,
1081 1966 1164 2032 licet
1185 1946 1377 2051 antiquiore
1399 1979 1508 2032 aetate
1528 1979 1626 2053 atque
1647 1972 1686 2037 in
1704 1971 1848 2054 Apuliae
1869 1979 1904 2033 et
1924 1969 1995 2032 Lu·

226 2068 357 2150 ‘caniac
380 2087 527 2151 confinio
554 2087 696 2151 Latinis¹
714 2073 827 2150 literis
856 2098 1003 2165 exarata,
1029 2106 1097 2149 non
1124 2088 1173 2150 ita
1200 2086 1346 2149 multum
1373 2084 1510 2151 differat
1538 2107 1558 2151 a
1585 2087 1771 2152 senioribus
1792 2087 1995 2181 Campaniae

185 2200 196 2219 '
242 2194 530 2289 inscriptionibus.
577 2204 687 2268 Etiam
718 2202 924 2268 Mamertina
954 2205 1132 2286 inscriptio
1165 2205 1202 2267 in
1233 2205 1350 2285 paucis
1380 2202 1482 2267 modo
1515 2205 1724 2272 Graecorum
1753 2206 1993 2270 commercium

241 2320 376 2408 prodit3
406 2325 516 2387 multo
536 2325 643 2412 magis
664 2321 867 2395 abhorrete
888 2322 1030 2405 reliquis
1051 2320 1330 2405 inscriptionibus
1351 2320 1514 2385 Abellana
1535 2324 1660 2403 tabula,
1687 2327 1994 2404 cujuss'ermoueur

147 2435 153 2444 ’
242 2450 311 2506 tam
331 2441 523 2505 Tuscorum
544 2438 821 2521 Graecorumque
842 2456 941 2522 quam
962 2436 1167 2502 Samnitium
1188 2443 1391 2504 commercio
1411 2451 1577 2505 mutatum
1598 2445 1819 2530 agnoscimus.

408 2556 448 2620 In
469 2557 564 2620 nulla
584 2557 652 2621 alia
673 2557 895 2640 inscriptione
915 2565 985 2620 tam
1007 2556 1134 2619 multae
1156 2557 1278 2621 literae
1293 2560 1384 2623 inter
1404 2578 1440 2622 sa
1459 2568 1705 2645 permutantur,
1727 2578 1826 2645 quam
1846 2558 1994 2645 inAbel·

241 2677 318 2740 lana
339 2676 467 2755 tabula,
481 2676 524 2737 «in
545 2694 611 2760 qua
632 2692 697 2758 pro
718 2644 822 2738 medic
842 2676 878 2738 in
899 2683 989 2738 terro
1009 2682 1078 2737 tam
1097 2677 1205 2759 melici
1226 2683 1340 2738 serene
1359 2695 1458 2758 quam
1473 2686 1567 2739 terem
1587 2676 1732 2755 m(e)asec
1748 2658 1912 2762 scriptum
1934 2686 1993 2740 eet.

243 2796 313 2860 Etsi
336 2795 463 2860 vocalis
484 2813 507 2857 ss
527 2791 655 2856 duabus
677 2792 857 2855 literarum
878 2792 998 2880 figuris
1018 2792 1182 2856 scribitur
1207 2802 1242 2856 et
1269 2813 1289 2855 a
1316 2794 1430 2856 vocali
1451 2814 1472 2857 o
1493 2804 1684 2858 transmrsa
1713 2812 1846 2878 quoque
1867 2794 1995 2857 lineola

241 2933 344 2996 supra
363 2911 523 2995 imposita
544 2907 760 2986 discernitur,
793 2907 880 2968 nihil
901 2915 1013 2968 tamen
1035 2912 1246 2986 frequentius
1268 2910 1469 2969 observatur
1489 2931 1588 2991 quam
1610 2913 1789 2976 literarum
1811 2911 1994 2975 earundem

241 3031 466 3117 permutatio:
498 3029 569 3092 imo
590 3025 719 3091 vocalis
739 3043 762 3088 u
783 3041 860 3087 cum
882 3031 1085 3088 consonante
1112 3023 1188 3084 oin
1210 3039 1288 3085 eum
1310 3023 1446 3088 modum
1468 3007 1691 3111 permutatur,
1719 3041 1759 3095 ut
1789 3051 1856 3095 non
1883 3033 1994 3096 solum

240 3151 314 3218 bissi
335 3167 398 3233 pro
420 3147 494 3225 civi,
525 3143 584 3208 aad
612 3143 723 3209 liceras
742 3161 876 3227 qnoque
904 3160 969 3226 pro
997 3140 1102 3205 livera
1122 3137 1285 3220 (literam)
1306 3143 1472 3225 scriptum
1492 3147 1548 3208 sit.
1592 3147 1631 3208 lu
1653 3150 1795 3213 Bantius
1817 3149 1931 3214 tabula
1952 3169 1992 3213 eo

241 3272 347 3358 magis
369 3283 443 3331 ceos
462 3265 608 3332 Brutine
629 3259 916 3341 (cinisBcatinus)
937 3278 1002 3344 pro
1024 3279 1098 3324 mus
1119 3258 1298 3345 legendum
1320 3279 1449 3341 censeo,
1472 3267 1630 3345 quoniam
1651 3268 1686 3327 iu
1704 3269 1991 3351 inscriptionibus,

241 3407 327 3476 quaa
349 3387 445 3451 Oscis
467 3385 579 3447 literis
600 3373 758 3445 exaratae
777 3390 864 3455 sunt,
895 3391 951 3444 cet
972 3397 1106 3465 queque
1126 3398 1191 3465 pro
1213 3379 1313 3462 creda)
1335 3390 1370 3444 at
1392 3382 1512 3448 toctika
1539 3402 1603 3469 pro
1627 3387 1747 3449 tuticus
1769 3387 1874 3450 scribi
1894 3388 1991 3451 solet

243 3509 342 3574 Meus
363 3502 499 3589 quidem
520 3504 558 3565 tn
579 3499 744 3564 Abellsns
765 3500 881 3564 tabula
903 3517 968 3584 pro
988 3498 1176 3580 majoribus,
1203 3501 1291 3564 sicut
1310 3503 1391 3566 mais
1412 3503 1448 3563 in
1469 3501 1613 3595 Bantius
1633 3523 1696 3588 pro
1718 3508 1823 3588 magia
1844 3505 1990 3592 legitur3

242 3605 308 3691 sed'
331 3633 469 3710 praeter
489 3617 716 3708 diphthongos
737 3619 782 3699 ci,
804 3622 845 3693 ei,
868 3622 907 3698 ii,
930 3620 973 3699 ei,
995 3620 1042 3698 ui,
1063 3636 1127 3704 pro
1149 3637 1198 3698 ce,
1221 3638 1249 3699 e,
1271 3622 1295 3694 i,
1317 3639 1366 3700 oe,
1395 3620 1527 3684 nullam
1546 3622 1646 3685 aliam
1668 3643 1825 3710 agnosco,
1855 3626 1921 3687 uisi
1949 3643 1992 3688 aas

240 3745 277 3808 in
298 3747 389 3812 muci
410 3759 474 3828 pro
495 3742 585 3805 secio
607 3740 643 3800 in
664 3737 806 3801 Brutina
836 3737 966 3816 tabulas
1001 3747 1121 3802 tautam
1152 3740 1243 3800 enim
1274 3740 1363 3803 sicut
1393 3749 1512 3804 tectum
1544 3741 1830 3825 pronuntiandum
1859 3761 1986 3805 censeo.

125 3895 129 3902 ·
239 3864 291 3928 An
310 3865 348 3930 is
368 3863 405 3924 in
425 3859 617 3923 nominibus
630 3855 804 3923 momente
825 3858 1059 3922 etltiuaisieis
1080 3875 1142 3941 pro
1165 3856 1373 3947 diphthongo
1393 3858 1625 3945 accipiendum
1646 3863 1701 3940 sit,
1724 3880 1825 3946 quum
1846 3862 1882 3923 in
1904 3862 1991 3923 mul-

237 3986 284 4048 tis
307 3981 383 4045 aliis
405 3978 580 4046 vocabulis
601 3974 728 4040 duabus
749 3976 889 4060 syllabis
909 3979 1159 4062 pronuntietur,
1191 3974 1325 4041 dubitor
1358 3998 1398 4042 eu
1425 3988 1517 4044 certe
1545 3999 1730 4065 pronomen
1758 3999 1823 4066 pre
1844 3979 1897 4045 iob
1918 3983 2005 4043 sire·

237 4102 294 4168 isi
315 4099 400 4176 duae
421 4097 554 4164 coedes
576 4106 671 4176 sunt;
692 4093 751 4168 sed
772 4094 1030 4184 triphthongum
1046 4097 1160 4159 forsan
1182 4099 1234 4170 mi
1255 4076 1446 4183 reperimus
1463 4099 1501 4160 in
1522 4100 1773 4183 antiquissimae
1795 4101 1988 4184 inscriptio·

240 4221 292 4285 nia
323 4219 460 4283 nomine
494 4217 667 4282 Ostiensis.
711 4212 763 4277 An
788 4215 825 4276 lu
851 4215 1044 4278 nominibus
1070 4217 1247 4281 Nicneriis
1273 4227 1308 4281 et
1333 4218 1522 4282 lliums'sieis
1549 4219 1670 4283 literae
1699 4239 1716 4282 r
1744 4228 1778 4283 at
1804 4220 1933 4284 sinter
1953 4238 1988 4280 se

237 4345 449 4424 permutatae
468 4336 548 4414 sint,
582 4331 861 4419 quemadmodum
882 4334 1069 4417 degetssis's
1089 4352 1152 4421 pro
1182 4336 1361 4420 digiscrics
1388 4337 1491 4400 scribi
1518 4340 1640 4421 potuit,
1672 4358 1693 4401 a
1720 4339 1895 4422 digitundo
1923 4353 1987 4420 pro

237 4456 392 4523 dotando
412 4451 597 4533 derivatus,
618 4450 707 4516 unda
729 4450 819 4538 apud
840 4453 1006 4517 Romanos
1026 4473 1160 4538 quoqne
1181 4456 1363 4539 scriptores
1384 4456 1567 4540 indigitare
1579 4457 1718 4547 legitur,
1740 4455 1890 4548 dubitari
1914 4456 1988 4539 qui·

238 4572 315 4639 dem
340 4576 472 4661 possit3
517 4580 553 4635 at
583 4574 709 4636 vinciar
734 4572 866 4638 lcmutir
892 4574 929 4636 in
961 4573 1100 4637 Bantius
1132 4545 1247 4638 tabula
1277 4575 1379 4638 aliter
1410 4578 1630 4660 interpretari
1658 4579 1783 4660 nescio,
1816 4591 1915 4659 mam
1947 4582 1987 4636 ut

238 4691 444 4757 Umbrorum
465 4689 560 4757 mora
580 4706 643 4774 pro
666 4692 786 4757 vinctis
807 4692 935 4758 lanatis
962 4694 1125 4777 scriptum
1147 4696 1346 4778 accipiatur.
1390 4694 1677 4760 Permutationem
1697 4696 1876 4757 literarum
1897 4711 1931 4758 ss
1952 4703 1987 4757 st

236 4809 258 4893 Ῑ
276 4811 344 4892 jam
364 4825 465 4895 snpra
485 4812 621 4888 notari3
648 4827 672 4874 a
693 4830 757 4897 pro
777 4831 806 4877 m
826 4809 992 4899 scriptum
1013 4821 1063 4877 est
1083 4814 1120 4875 in
1141 4810 1330 4878 berentcten
1350 4812 1613 4879 Herculanensis
1642 4805 1873 4900 inscriptionis
1894 4819 1929 4877 et
1949 4815 1986 4874 in

234 4945 302 5014 post
322 4941 386 5016 pro
417 4945 510 5012 quum
531 4932 566 4992 in
587 4929 728 4995 Bantius
747 4928 873 4997 tabula.
916 4931 1112 4996 Memorato
1142 4949 1225 4996 varo
1252 4954 1349 5018 quam
1382 4937 1523 4997 maxime
1551 4933 1652 5023 digna
1683 4942 1734 4997 est
1754 4918 1933 4997 literarum
1955 4953 1984 5010 r,

239 5049 272 5131 sl,
295 5048 318 5130 l,
340 5050 545 5134 permutatio
565 5049 601 5112 in
622 5051 758 5116 nomine
781 5041 1008 5132 tribarcbkis'f
1023 5053 1094 5115 aive
1117 5049 1348 5136 trtbcdcbkiof
1364 5062 1399 5117 at
1421 5051 1602 5120 tribulatae
1622 5071 1685 5139 pro
1708 5051 1868 5119 iudaicae
1884 5064 1982 5117 terra.

236 5165 347 5233 litim
372 5166 440 5231 boc
468 5173 518 5234 est
544 5167 799 5250 observandum,
832 5168 921 5254 quod
948 5171 984 5233 in
1005 5172 1171 5240 Abellanc
1191 5191 1271 5240 saxo
1293 5171 1428 5238 nomina
1448 5176 1484 5237 in
1505 5174 1639 5257 ferire
1659 5171 1799 5253 soleant,
1824 5168 1984 5257 wemed-
