4675 6000
1085 743 1332 810 ..55-

215 904 227 919 ”
334 933 399 1003 pro
421 888 582 980 Kestros
603 922 666 976 cet.
686 931 720 975 v.
733 913 764 979 ὅ.
786 916 960 972 exaratum
981 902 1143 972 videmus.
1198 905 1297 991 Quod
1314 899 1435 998 Ὑδρές
1456 920 1574 973 contra
1595 907 1758 995 Stephani
1778 907 1957 991 byzantini
1977 909 2084 974 anim·

331 1006 577 1101 adversionem
593 1032 645 1093 in-
659 1038 774 1092 nostra
800 1025 1020 1110 inscriptione
1047 1046 1125 1089 cum
1151 1024 1319 1107 adjectivo
1349 1029 1505 1091 feminini
1525 1030 1659 1117 generis
1680 1037 1908 1109 construatur,
1940 1045 2008 1092 non
2036 1039 2087 1093 est

332 1148 536 1230 mirandum,
558 1168 664 1233 quum
684 1143 866 1209 secundum
887 1143 1094 1231 Stephanum
1107 1137 1225 1235 Τάρας
1245 1165 1376 1231 quoque
1398 1147 1732 1233 semesarumque
1753 1148 1850 1212 istius
1871 1148 2004 1235 generis
2024 1164 2086 1211 uo·

331 1273 423 1336 mina
442 1290 507 1357 pro
529 1266 703 1331 femininis
724 1267 833 1350 accipi
854 1264 993 1330 soleant
1035 1262 1147 1351 Magis
1175 1267 1282 1353 igitur
1309 1269 1430 1346 miror,
1459 1264 1548 1351 qnod
1576 1266 1658 1331 litus
1687 1269 1778 1330 inter
1798 1265 1945 1332 Mettabi
1974 1261 2087 1329 sedem

329 1393 401 1455 slve
422 1388 659 1472 Metapontum
680 1394 779 1468 atque
800 1381 947 1467 Sybarin
964 1383 1165 1448 Oenotriam
1175 1378 1377 1463 Χωνεδονὰς
1397 1375 1686 1463 intercesserit
1706 1386 1897 1470 inscriptio,
1918 1386 1986 1448 nisi
1999 1383 2087 1447 hanc

330 1504 491 1591 adjectivi
512 1507 657 1569 formam
679 1500 804 1567 Chonis
825 1505 1001 1589 propriam
1020 1488 1142 1587 putare
1151 1504 1251 1585 velis,
1273 1501 1550 1589 quemadmodum
1570 1499 1731 1569 Χωνέτου
1751 1506 1849 1569 fluuii
1869 1522 2014 1569 nomen:
2045 1502 2089 1567 Et

333 1630 370 1691 in
390 1621 596 1692 Chonedeno
618 1622 722 1688 litore
744 1632 778 1686 et
798 1618 841 1685 ad
863 1606 1052 1687 Chonetnm
1070 1623 1214 1687 fluvium
1234 1620 1366 1687 Chones
1387 1622 1565 1703 habitasse,
1588 1623 1652 1686 etsi
1673 1621 1811 1705 Sybaris
1832 1622 2016 1686 Oenotrius
2036 1617 2087 1684 di·

332 1748 424 1809 citur
451 1728 552 1828 atqde
579 1738 754 1819 Pandosia,
782 1759 904 1829 regum
925 1740 1107 1804 Oenotriae
1135 1742 1243 1830 regia,
1279 1740 1462 1805 secundum
1490 1737 1692 1804 Strabonem
1712 1741 1776 1821 Vl,
1788 1747 1819 1821 1,
1829 1743 1862 1821 3,
1872 1734 1904 1808 5.
1923 1759 1999 1829 pag·
2010 1742 2085 1806 254.

331 1863 406 1929 256.
418 1858 465 1924 ad
471 1860 695 1924 Acherontem
716 1860 858 1924 fluvium
879 1860 916 1921 in
928 1856 1070 1923 Crathin
1091 1860 1287 1923 influentem
1307 1861 1372 1923 sita
1392 1861 1494 1922 fuisse
1514 1857 1664 1939 videtur,
1689 1869 1790 1924 testes
1811 1869 1891 1923 sunt
1910 1856 2033 1923 Strabo
2053 1866 2090 1921 et

331 1979 551 2065 Lycophrona.
596 1978 710 2060 Quum
730 1987 842 2043 autem
865 1996 914 2056 ea,
947 1997 1030 2061 quae
1050 1975 1173 2041 Strabo
1195 1997 1236 2039 ex
1258 1976 1417 2040 Antiochi
1438 1975 1653 2062 Syracusani,
1674 1975 1850 2042 Herodoto
1872 1987 1972 2060 atque
1992 1974 2089 2040 Thu·

332 2096 446 2183 cydidi
466 2098 540 2160 fere
560 2095 720 2179 aequalis,
749 2113 852 2181 opere
873 2092 915 2158 de
935 2094 1035 2156 Italia
1057 2097 1234 2179 excerpsit,
1265 2096 1523 2180 inscriptionem
1551 2076 1822 2182 nostramquam
1843 2098 1988 2159 maxime
2008 2092 2091 2158 illn-

330 2226 449 2298 strent,
470 2213 635 2279 nonnulla
655 2212 712 2277 hic
733 2211 877 2276 collecta
895 2230 1087 2298 proponere
1108 2212 1194 2274 mihi
1210 2182 1329 2279 liceat.

499 2331 547 2396 Ut
567 2350 607 2394 ea
626 2331 885 2417 pretermittam,
913 2348 997 2411 qnae
1017 2328 1203 2393 Antiochus
1225 2327 1314 2413 apud
1335 2328 1538 2393 Strabonem
1558 2330 1666 2409 v1‚1.
1687 2334 1765 2394 init.
1788 2331 1831 2395 de
1857 2331 1951 2399 Velis
1971 2341 2088 2395 contra

332 2448 533 2516 Oenotrides
555 2448 682 2512 insulas
704 2445 841 2512 condita
861 2443 1004 2510 tradidit
1023 2445 1080 2508 hic
1101 2417 1214 2508 aliena
1234 2454 1334 2528 atque
1354 2455 1434 2509 nota
1455 2448 1537 2510 satis
1558 2465 1599 2509 ex
1609 2445 1786 2511 Herodoto
1797 2446 1825 2528 1,
1838 2449 1922 2526 167,
1944 2447 1986 2510 ad
2000 2448 2088 2511 Rhe-

331 2571 426 2659 gium
457 2569 573 2633 statim
601 2586 622 2629 a
642 2563 917 2629 Chalcidensibus
944 2561 1121 2626 conditum
1148 2572 1293 2641 transeo,
1327 2558 1369 2626 de
1390 2584 1457 2647 quo
1477 2564 1665 2629 Antiochus
1685 2563 1869 2629 secundum
1889 2564 2088 2659 Strabonem

332 2685 655 2772 vl,1,e.pag.25⁷.
677 2684 870 2766 scripserat,
894 2675 1130 2741 Chalcidenses
1151 2698 1173 2741 a
1193 2678 1371 2743 Zanclaeis
1392 2692 1549 2746 evocatos
1569 2682 1824 2769 principemque
1845 2682 2000 2748 coloniae
2019 2685 2088 2749 An·

332 2808 528 2871 timnestum
549 2802 594 2864 iis
615 2801 835 2864 constitutum
855 2797 969 2860 fuisse.
1012 2795 1136 2861 Totam
1156 2807 1270 2861 antem
1289 2800 1389 2863 istam
1410 2798 1586 2884 regionem
1616 2800 1666 2862 ait
1686 2802 1806 2884 priscis
1834 2801 2042 2888 temporibus
2067 2822 2088 2865 a

333 2922 459 2989 Siculis
471 2920 645 3004 (quosJam
656 2915 824 3003 Odysseae
840 2925 960 3009 auctor
975 2917 1082 2998 novit,
1104 2925 1138 2980 et
1148 2913 1364 3000 Thucydides
1374 2913 1483 2978 adhuc
1494 2914 1557 2995 Vl,
1568 2917 1600 2982 2.
1612 2936 1673 2987 aua
1693 2927 1801 2983 aetate
1820 2918 1870 2982 ibi
1891 2921 2032 2995 invenit)
2053 2932 2089 2986 et

333 3038 549 3129 Morgetibns
569 3037 755 3102 habitatam
782 3037 895 3115 fuisse,
928 3054 1051 3118 eosque
1076 3035 1119 3097 ab
1147 3035 1305 3098 Oenotris
1331 3035 1522 3118 insequenti
1548 3044 1702 3119 tempore
1728 3003 1842 3122 pulsos
1869 3039 1906 3100 in
1934 3038 2086 3104 Siciliam

332 3160 513 3239 trajecisse.
566 3151 660 3217 Idem
686 3153 810 3219 Strabo
831 3152 894 3231 Vl,
909 3158 939 3230 l,
950 3156 981 3218 4.
996 3169 1072 3236 pag.
1085 3150 1157 3217 254.
1189 3148 1271 3213 haec
1297 3153 1453 3238 scripsits
1486 3152 1690 3217 »Antiochus
1717 3154 1754 3217 in
1780 3173 1896 3241 opere,
1925 3155 2015 3240 quod
2042 3155 2109 3226 de.

336 3274 677 3357 »ltalisconscripsit,
698 3270 785 3334 hanc
799 3271 973 3357 regionem
994 3266 1185 3331 aitltaliam
1205 3268 1407 3354 appellatam
1427 3272 1602 3351 fuisse-ac
1623 3270 1666 3337 de
1686 3291 1726 3336 ea
1744 3294 1779 3337 se
1800 3276 1969 3356 scribere,
1989 3278 2087 3360 prius

336 3406 476 3463 sautem·
496 3389 622 3455 dictam
649 3389 752 3452 inisse
773 3386 980 3451 Oenotriam.
1044 3385 1245 3451 Terminum
1273 3396 1387 3451 autem
1415 3391 1450 3452 ei
1473 3391 1648 3456 constituit
1667 3390 1709 3454 ad
1729 3412 1823 3456 mare
1843 3392 1978 3477 quidem
1997 3393 2086 3479 'I'yr-

336 3514 512 3592 urbanum,
533 3489 639 3594 quern
654 3526 716 3572 nos
736 3506 881 3570 Bruttiis
894 3505 1155 3594 assignavimus,
1177 3507 1288 3571 Laum
1307 3509 1448 3588 flumen3
1469 3507 1513 3572 ad
1533 3508 1687 3573 Siculum
1706 3520 1819 3575 autem
1840 3510 2083 3599 Metapontum.

247 3706 252 3716 ¹
338 3629 424 3699 »Sed
445 3629 666 3694 Tarentinam
686 3627 873 3714 regionem,
906 3644 993 3708 quae
1019 3626 1179 3689 continue
1207 3646 1327 3716 agrurn
1347 3626 1623 3713 Metapontinnm
1642 3611 1869 3714 subsequitur,
1903 3642 2000 3697 extra
2019 3632 2086 3697 lta·

337 3751 438 3819 »liam
458 3746 519 3812 sub
541 3713 704 3833 Jagypiae
724 3746 861 3807 nomine
879 3754 1001 3809 censet.
1044 3742 1143 3829 Apud
1155 3747 1356 3811 remetiorcs
1377 3756 1490 3814 antem
1511 3749 1560 3812 ait
1580 3766 1637 3813 eos
1657 3759 1789 3814 tantum
1801 3750 1967 3815 Oenotros
1988 3762 2086 3837 atque

337 3868 458 3936 »Italos
478 3867 582 3929 inisse
602 3862 746 3944 habitos,
780 3865 838 3948 qni
866 3864 957 3926 intra
985 3861 1147 3929 isthmum
1172 3867 1231 3929 siti
1251 3884 1368 3931 versus
1389 3869 1515 3932 fretum
1534 3880 1715 3956 vergerent
1734 3867 1920 3936 Siculum«
1963 3866 2087 3936 Eadem

336 3995 481 4054 testatur
500 3982 699 4048 Aristoteles
721 3982 818 4046 Polit.
839 3980 918 4060 VII,
930 3984 975 4064 9,
998 3983 1184 4069 ipsaverba
1195 4004 1278 4048 uero
1290 3983 1450 4050 Antiochi
1464 3987 1572 4051 refert
1585 3985 1769 4071 Dionysius
1785 3987 1869 4056 Hal.
1881 3987 1908 4070 I,
1924 3989 2083 4058 laerta.

274 4133 277 4143 ’
337 4102 460 4171 additis
485 4104 529 4166 iis
550 4099 593 4166 de
612 4098 750 4179 Siculis,
779 4120 864 4185 quae
884 4099 913 4180 1,
924 4104 975 4168 22.
998 4121 1066 4165 non
1086 4104 1230 4168 multum
1258 4103 1474 4170 abhorrentia
1494 4127 1514 4169 a
1535 4102 1746 4190 Thucydidis
1765 4093 1960 4173 narratione
1980 4107 2084 4184 vta

338 4232 550 4312 repetuntur.
598 4217 722 4286 Strabo
749 4229 861 4284 antem
886 4240 962 4309 pag.
974 4223 1045 4288 225.
1068 4224 1118 4286 sic
1139 4226 1273 4313 pergit:
1300 4223 1480 4289 »Successn
1505 4226 1667 4311 temporis
1693 4225 1742 4290 nit
1762 4217 1947 4291 Antiochus
1968 4225 2087 4291 Italiae

339 4354 393 4411 ret
413 4340 595 4405 Oenotriae
621 4357 744 4403 nomen
772 4339 876 4402 inisse
902 4351 1125 4429 propagatum
1149 4362 1255 4428 usque
1275 4340 1318 4406 ad
1338 4342 1602 4430 Metaponticam
1630 4354 1665 4409 et
1684 4341 1863 4409 Siritidem
1890 4346 2086 4432 regionem:

339 4461 523 4526 »habitasse
550 4458 641 4521 enim
666 4477 706 4521 ea
734 4457 810 4521 loca
837 4454 980 4540 Chones,
1006 4470 1140 4547 gentem
1166 4461 1382 4526 Oenotricam
1401 4464 1482 4527 satis
1508 4462 1670 4544 nobilem,
1700 4465 1945 4545 territorioque
1964 4479 2087 4527 nomen

339 4579 509 4647 »Chonias
528 4578 679 4641 fecisses
711 4575 805 4642 Male
826 4576 876 4641 ihi
897 4575 1111 4651 Casaubonns
1133 4579 1228 4644 urbis
1248 4601 1370 4646 nomen
1390 4573 1523 4669 Χιόνην,
1545 4602 1631 4666 quae
1651 4549 1752 4670 super
1772 4597 1885 4644 arcem
1906 4577 2086 4644 Crimisam

339 4720 360 4764 a
378 4700 567 4765 Philoctete
586 4698 624 4759 in
645 4693 923 4761 Crotoniatarnm
949 4717 1032 4788 agro
1058 4698 1229 4766 conditam
1256 4705 1321 4766 sita
1348 4670 1439 4782 fnit,
1458 4720 1522 4787 pro
1542 4703 1691 4790 regionis
1711 4700 1848 4763 nomine
1868 4693 2005 4782 Χωνίην
2025 4715 2086 4784 po·

338 4815 485 4882 nendum
505 4818 655 4881 censuit:
677 4827 859 4902 utrumqne
879 4822 970 4883 enim
990 4840 1112 4887 nomen
1132 4840 1201 4886 non
1222 4833 1336 4886 nostra
1356 4821 1466 4885 solum
1487 4821 1678 4906 inscriptio,
1699 4815 1757 4882 sed
1774 4816 1982 4905 Lycophron
2003 4834 2087 4901 quo·

338 4957 404 5023 qne
426 4938 586 5026 agnoscit
619 4936 721 5002 llecte
742 4948 854 5002 autem
864 4937 1049 5003 Antiochus
1070 4961 1166 5005 more
1187 4929 1412 5028 antiquorum,
1433 4942 1553 5028 quibus
1573 4937 1751 5024 inscriptio
1772 4948 1889 5001 nostra
1907 4931 2087 5002 tribuenda

338 5068 399 5137 est,
420 5066 460 5122 ut
481 5053 656 5122 Strabonis
676 5055 790 5122 verbis
809 5066 899 5136 utar,
920 5059 1109 5147 simplicius
1128 5059 1225 5139 dixit,
1246 5063 1342 5129 nullo
1363 5063 1475 5150 posito
1494 5061 1713 5127 Lucanorum
1733 5066 1767 5122 et
1786 5056 1999 5150 Bruttiorum
2021 5051 2089 5119 dis·
