4675 6000
994 840 1244 914 ..5¹3-

244 1036 319 1105 pag.
339 1017 428 1097 ata,
451 1014 508 1101 qni
529 1014 643 1102 primo
664 1012 706 1078 de
727 1010 910 1097 Campania
929 1010 1083 1096 scripsit:
1101 1002 1286 1093 Ἀντίοχος
1299 1006 1361 1093 μὲν
1381 1000 1440 1078 οὖν
1461 1010 1548 1101 φησὶ
1567 1012 1628 1099 την
1646 1008 1760 1105 χώραν
1779 1009 1901 1103 ταύτην
1909 1015 1999 1084 Ὀπι-

243 1130 310 1213 esec
330 1131 477 1220 οἰκῆσαι,
497 1126 604 1211 νότος
624 1129 662 1200 dd
681 1124 741 1198 καλ
759 1121 925 1209 Αἷίσυνας
945 1131 1132 1210 natricem·
1152 1131 1213 1203 ubi
1245 1140 1357 1195 tamen
1384 1151 1563 1219 perperam
1595 1133 1715 1200 deinde
1736 1133 1918 1201 secundum
1936 1135 2000 1201 Ρο-

243 1253 377 1338 lybiam
398 1254 440 1318 ab
462 1253 577 1338 Opicis
597 1250 763 1332 Ausones,
797 1247 980 1315 secundum
1001 1249 1086 1313 alios
1107 1251 1210 1314 etiam
1232 1249 1353 1315 Oscam
1375 1260 1509 1340 gentem
1529 1250 1709 1343 distinguit
1716 1278 1729 1334 ς
1749 1274 1829 1318 mox
1849 1253 1997 1337 VI,1‚2

242 1391 318 1462 pag.
346 1372 419 1440 253.
449 1370 491 1437 de
519 1371 688 1435 Lucania:
731 1365 822 1462 Πρὶν
851 1365 890 1437 δὲ
915 1362 1169 1456 ταῶςἛλληνας
1189 1365 1315 1446 ἐλθεῖν,
1337 1361 1410 1438 οὐδ’
1433 1360 1519 1459 ἦσαν
1540 1395 1596 1459 πω
1617 1367 1802 1439 Λευκανοί·
1824 1373 1942 1451 Χῶνες
1963 1371 2001 1442 δὲ

240 1487 302 1557 καὶ
325 1485 491 1579 Οἰνωτροὶ
509 1486 573 1568 cic
592 1482 700 1568 τόπος
720 1483 890 1573 λνέμοντο.
935 1486 1011 1554 Τῶν
1032 1487 1070 1557 δὲ
1089 1488 1260 1556 Σαυνιτῶν
1289 1480 1505 1578 αὐξηθέντων
1526 1486 1675 1559 ἐπιπολὺ
1696 1486 1756 1558 καλ
1776 1488 1858 1569 τούς
1877 1491 2001 1569 Χῶνας

237 1604 301 1676 καί
316 1605 396 1687 τούς
419 1603 612 1698 Οἰνωτροιλς
630 1599 852 1690 ἐκβαλόντων,
874 1604 1074 1686 Λευκανοὺς
1095 1601 1126 1675 δ’
1150 1605 1199 1687 εἷς
1218 1605 1279 1697 τὴν
1299 1607 1423 1699 μερίδα
1442 1603 1566 1696 ταύτην
1589 1601 1850 1687 ἀποικισάντων,
1871 1604 1945 1694 ἅμα
1962 1607 2017 1679 di·
2081 1666 2088 1679 .

238 1724 298 1796 καί
315 1728 383 1815 τῶν
400 1718 570 1814 Ἐλλήνων
589 1723 652 1811 τήν
672 1719 886 1815 ἑκατέρωθεν
912 1719 1083 1814 παραλίαν
1109 1722 1209 1815 μέχρι
1228 1726 1373 1818 πορθμὲ
1392 1725 1607 1812 κατεχόντων,
1637 1726 1742 1799 πολὺν
1765 1723 1886 1818 χρόνον
1915 1726 2000 1797 irro-

240 1842 366 1930 λέμονν
387 1841 426 1913 oi
442 1867 479 1913 τι
493 1841 649 1932 Ἓλληνας
668 1840 726 1911 καὶ
746 1837 781 1909 ολ
800 1842 971 1935 βάρβαροι
991 1838 1080 1932 πρὸς
1101 1836 1279 1930 ἀλλήλους.

403 2000 499 2066 Haec
520 2020 604 2085 quae
624 1998 746 2064 Strabo
768 2000 887 2077 refert,
910 1998 1086 2061 contir'mat
1106 2017 1175 2062 non
1196 1999 1306 2063 solum
1318 1997 1517 2086 Sophocles,
1538 2002 1576 2064 in
1596 2002 1691 2081 cuius
1712 2001 1927 2088 Triptolemo
1949 2004 2000 2065 fa·

239 2120 320 2183 bula
341 2116 454 2200 Ceres,
476 2127 562 2183 teste
583 2118 750 2201 Dionysio
770 2115 854 2179 Hal.
874 2115 966 2195 1,12.
989 2116 1069 2178 coll.
1091 2114 1178 2178 Plin.
1191 2117 1237 2178 H.
1251 2116 1296 2177 N.
1308 2116 1439 2198 XVIII,
1452 2122 1504 2199 12,
1518 2123 1547 2183 1.
1591 2118 1844 2205 Triptolemum
1865 2117 2000 2199 docens,

238 2245 401 2321 quantum
421 2246 592 2301 terrarum
613 2233 816 2327 seminandis
844 2250 865 2296 a
892 2252 928 2297 se
956 2233 1102 2315 acceptis
1129 2231 1284 2318 frugibus
1304 2249 1487 2319 peragrare
1513 2255 1645 2300 necesse
1665 2236 1797 2317 habeat,
1819 2239 1907 2301 iacta
1928 2238 2000 2323 pri-
2041 2281 2044 2286 -

239 2377 332 2420 mum
352 2358 522 2421 meritone
543 2354 717 2419 orientalis
738 2351 867 2430 ItaIIae,
899 2368 984 2434 quae
1006 2348 1047 2410 ab
1068 2348 1214 2436 Iapygio
1236 2350 1473 2433 promontorio
1501 2370 1607 2433 neque
1633 2350 1677 2415 ad
1697 2356 1825 2418 fretum
1844 2354 2001 2419 Siculum

239 2473 444 2552 extenditur,
476 2470 596 2537 deinde
617 2469 757 2532 Siciliae
783 2469 957 2553 oppositae
982 2467 1072 2528 facta
1098 2465 1222 2528 leviter
1247 2469 1431 2547 mentione,
1458 2466 1501 2531 ad
1524 2467 1768 2534 occidentalem
1788 2470 1923 2537 Italiam
1944 2491 2000 2536 re·

238 2587 338 2656 diisse
360 2599 395 2655 et
415 2600 530 2679 gentes
550 2588 722 2666 maximas,
745 2604 831 2670 quae
852 2603 948 2649 oram
968 2585 1067 2647 istam
1086 2582 1292 2663 incolebant,
1314 2583 1367 2647 his
1387 2584 1543 2650 versibus
1562 2590 1770 2652 recensuisse
1791 2586 1939 2655 dicitur:

491 2737 543 2807 Τὰ
567 2734 598 2808 δ’
619 2733 786 2820 ἐξόπισθε
806 2733 918 2826 χειρὸς
939 2733 987 2815 εἷς
1006 2731 1050 2801 τὰ
1073 2730 1184 2816 δεξιὰ,

491 2853 660 2946 Οἰνωτρία
678 2879 715 2923 τε
735 2854 831 2922 πᾶοα
854 2850 914 2921 καλ
937 2849 1144 2944 Τυρρηνικὸς

489 2969 631 3056 Κίλπος
652 2966 839 3063 Λιγυστική
859 2994 897 3038 τι
916 2972 960 3059 μῆ
980 2991 1019 3038 oa
1040 2967 1185 3051 λέξεται

240 3133 486 3208 τοττιωῖολίαυι
506 3105 708 3195 Aristoteles
728 3127 828 3194 Polie
849 3126 973 3208 vito.
1011 3120 1147 3191 Ὤικουν
1169 3121 1207 3193 δὲ
1227 3120 1266 3190 τὸ
1287 3121 1349 3207 μὲν
1370 3120 1458 3213 πρὸς
1484 3123 1544 3212 τήν
1568 3124 1754 3219 Τυρρηνίαν
1770 3122 1920 3214 Ὀπικοὶ,
1943 3132 2001 3202 sui

241 3246 408 3344 πρότερον
427 3246 486 3318 καλ
506 3250 563 3319 νῦν
583 3241 785 3331 καλούμενοι
810 3241 871 3333 την
897 3237 1091 3327 ἐπωνυμίαν
1118 3238 1285 3323 Αὔσονος·
1306 3231 1360 3311 τῶ
1377 3239 1415 3311 δὲ
1443 3241 1531 3335 πρὸς
1560 3243 1621 3331 την
1649 3238 1818 3335 Ἰαπυγίαν
1843 3247 1904 3318 καὶ
1932 3250 1993 3320 τὸν

236 3366 353 3439 'liuor
373 3370 490 3447 Χῶνες
509 3364 569 3456 την
590 3360 795 3452 καλουμένην
813 3355 935 3452 Σύρτιν
947 3354 1435 3453 (ῶναηοιὶοιΣειρῖτιν)·ἦσαν
1456 3360 1494 3431 δὲ
1514 3360 1571 3430 καὶ
1591 3359 1626 3432 oi
1640 3366 1758 3444 Χῶνες
1775 3364 1941 3456 Οἰνωτροὶ
1960 3369 1999 3437 sd

239 3488 346 3580 pieac.
368 3489 463 3573 Quae
481 3485 619 3573 quidem
640 3504 712 3571 quo·
727 3485 834 3574 magis
854 3483 1034 3565 illinirem,
1065 3485 1330 3571 antiquissimam
1352 3479 1502 3550 Choriae
1532 3481 1805 3571 descriptionem,
1835 3508 1921 3572 quae
1942 3509 2000 3553 ex·

242 3619 318 3687 stat,
351 3610 389 3672 in
408 3604 558 3673 medium
578 3608 734 3693 preferre
753 3602 840 3668 mihi
860 3603 974 3668 liceat.

595 3924 602 3932 Ι
665 3825 702 3903 3.
753 3824 816 3904 De
841 3822 1010 3907 Gloriae
1034 3822 1290 3930 descriptione
1314 3823 1581 3924 antiquissima.

410 3969 573 4050 Choniae,
606 3968 643 4032 in
664 3987 730 4054 qun
750 3964 874 4032 Graeci
895 3966 1044 4032 colonias
1064 3965 1142 4030 illas
1163 3964 1400 4049 condiderunt,
1422 3986 1503 4051 quas
1523 3967 1737 4030 Hermannus
1757 3965 1940 4032 Bebriiius
1961 3973 1998 4033 in

50 4111 56 4120 .
124 4051 131 4059 ’
242 4089 458 4180 amphio
477 4085 648 4153 Herodoti
667 4087 699 4174 §.
721 4087 775 4154 59.
798 4095 962 4166 recenset,
989 4093 1095 4151 exstat
1115 4086 1348 4170 antiquissima
1369 4083 1565 4172 descriptio,
1587 4105 1688 4170 quam
1709 4085 1903 4151 mutilatam
1923 4089 1999 4170 qui.
2088 4155 2093 4164 ι

242 4208 320 4275 dem
339 4209 489 4272 [ναυτίαν
517 4205 665 4292 (Seggio
685 4203 727 4271 T.
751 4204 796 4271 II.
818 4227 851 4293 p.
864 4201 967 4286 otoo,
993 4206 1159 4293 integram
1187 4224 1271 4269 vero
1296 4203 1463 4271 Antonius
1493 4202 1652 4270 Galateus
1676 4203 1720 4270 de
1746 4205 1815 4270 situ
1834 4206 1998 4296 Iapygiae

241 4328 357 4408 (Basit
378 4328 488 4406 1558),
519 4325 695 4410 multoque
724 4326 920 4404 rectiorem,
957 4333 998 4388 ut
1027 4321 1178 4406 ridetur,
1209 4322 1376 4391 Gruterus
1397 4321 1535 4406 CXLV,
1554 4325 1586 4390 5.
1613 4334 1773 4409 tanquam
1801 4327 1997 4412 inscriptio·

242 4467 320 4514 nem
347 4447 465 4512 Baetae
493 4445 530 4509 in
554 4444 679 4531 Apulia
710 4454 882 4529 repertam
911 4441 1148 4510 exhibuerunt.
1199 4443 1306 4511 Quam
1332 4464 1436 4530 quum
1464 4454 1607 4530 propter
1634 4417 1800 4530 antiquat*
1816 4445 1995 4508 literarum

242 4567 379 4655 dguras,
409 4562 501 4629 haud
522 4581 603 4628 raro
623 4571 801 4650 praeterea
819 4582 997 4651 perperam
1018 4557 1250 4650 transcriptas,
1281 4581 1381 4628 nemo
1401 4561 1511 4627 adhuc
1531 4563 1752 4645 intellexerit,
1784 4562 1841 4627 vel
1861 4564 1898 4625 in
1918 4580 1995 4626 enm

244 4686 355 4761 tineam
376 4685 484 4767 qualis
506 4680 646 4774 legenda
667 4682 752 4747 mihi
761 4679 910 4763 ridetur,
930 4684 1106 4749 illustrare
1126 4682 1213 4746 mihi
1234 4683 1348 4764 liceat,
1378 4691 1429 4765 ut,
1449 4684 1480 4748 si
1500 4687 1565 4769 q'ua
1585 4684 1622 4747 in
1643 4701 1683 4747 re
1703 4680 1903 4762 erraverim,
1935 4678 1997 4744 de·

154 4869 157 4874 ,
244 4803 369 4871 otiores
394 4805 467 4867 viri
492 4799 671 4869 emendent
694 4803 887 4892 gravosimi
908 4804 1070 4868 momenti
1090 4811 1354 4869 monumentum.
1396 4804 1454 4869 Est
1480 4803 1545 4867 illa
1572 4801 1813 4887 antiquissimis
1832 4801 1995 4880 omniurn,

102 4974 106 4981 .
244 4939 330 5010 quae
357 4921 498 5002 exstant,
523 4920 637 4987 literis
663 4918 803 4986 Graecis
826 4923 946 5002 incisa,
975 4930 1120 5008 octoque
1144 4895 1299 4989 versibus
1326 4923 1430 4988 metri
1456 4922 1600 5011 elegiaci
1624 4920 1665 4985 ab
1687 4918 1821 4986 Achaeo
1849 4918 1993 5007 quodam

243 5042 441 5128 composite,
463 5047 571 5126 atque,
591 5043 621 5105 si
641 5038 821 5106 emendare
839 5042 923 5109 licet
943 5061 1121 5152 perperam
1140 5044 1280 5131 scripta,
1301 5043 1549 5111 monitoribus
1569 5039 1682 5138 itioris
1701 5060 1743 5105 ex
1763 5059 1840 5106 mea
1860 5036 1993 5126 quidem

243 5159 411 5228 aaaron
430 5161 482 5224 stc
500 5158 729 5228 restituenda:
1407 5147 1416 5161 “
1650 5141 1659 5152 “
