4675 6000
1086 860 1339 929 ..9..r

337 1033 505 1131 Utraque
535 1027 662 1107 tabula
684 1037 742 1103 est
766 1025 1087 1125 opisthographos,
1108 1027 1176 1103 sed
1200 1029 1314 1104 altera
1326 1026 1472 1105 Latinis
1496 1027 1617 1107 literis
1630 1044 1780 1111 exarata
1803 1047 1915 1137 atque
1938 1050 2088 1117 eatenus

227 1234 235 1239 .
288 1260 294 1268 ι
338 1169 517 1264 bilinguis
542 1166 710 1260 dicenda,
736 1175 917 1263 quatenus
940 1166 983 1238 in
1006 1164 1120 1237 altera
1143 1175 1249 1261 parte
1263 1165 1398 1242 Latino
1423 1192 1597 1244 sermone
1621 1170 1825 1269 repetitum
1848 1174 1964 1249 fuisse
1986 1177 2089 1253 vide-

338 1310 416 1402 tur,
450 1304 551 1403 quod
574 1304 618 1376 in
650 1301 763 1376 altera
788 1300 897 1376 Oscis
921 1301 1047 1392 verbis
1081 1302 1332 1403 compositum
1356 1303 1504 1400 legitur.
1556 1307 1654 1382 Tam
1686 1309 1800 1383 variis
1833 1284 1949 1406 igitur
1971 1310 2091 1389 literis

340 1442 564 1541 perscriptas
588 1437 773 1511 habemus
801 1436 919 1509 Oscas
941 1437 1215 1535 inscriptiones,
1250 1464 1364 1537 quam
1397 1441 1520 1513 variae
1553 1440 1724 1540 ejusdem
1758 1443 1908 1540 linguae
1943 1445 2094 1521 dialecti

339 1577 455 1652 luisse
479 1576 666 1668 ridentur,
692 1595 812 1670 quum
836 1571 1051 1646 Mamertini
1075 1596 1164 1650 cum
1190 1573 1354 1669 Graecis,
1378 1573 1562 1672 Campani
1585 1600 1675 1652 cum
1699 1580 1878 1654 Romanis
1902 1581 2093 1677 permixti,

340 1710 527 1787 Samnites
551 1719 677 1783 autem
709 1717 746 1781 ct
780 1706 923 1782 Lucani
949 1732 971 1781 e
995 1706 1147 1783 Sabinis
1177 1712 1374 1807 progressi,
1407 1710 1579 1808 linguam
1613 1712 1679 1788 alii
1712 1713 1821 1789 aliter
1852 1716 2092 1791 excoluerint.

339 1837 477 1911 Ὀπικοὶ
495 1833 645 1930 γλώσσας
665 1836 850 1921 σσσὲμσξσσ,
876 1844 1024 1940 scripsit
1045 1842 1226 1920 Eudoxus
1250 1846 1319 1921 VI.
1344 1840 1406 1929 γῆς
1436 1834 1597 1933 σσρώδσσ
1621 1850 1826 1940 secundum
1848 1849 1979 1948 Steph.
2004 1850 2094 1947 Byz.

339 1984 442 2058 Hinc
464 2007 514 2056 ne
538 1983 815 2078 permiscerem,
851 2003 946 2077 quae
970 1979 1065 2053 bene
1090 1979 1352 2076 distinguenda
1376 1993 1477 2077 sunt,
1511 1985 1552 2058 in
1577 1982 1723 2059 duabus
1756 1983 1894 2060 tabulis
1919 1984 2095 2083 lithogra-

244 2190 261 2223 ι
341 2118 464 2217 phicis
486 2118 750 2214 inscriptiones
776 2137 920 2207 omnes,
954 2138 1047 2211 quae
1071 2114 1225 2209 majoris
1249 2115 1349 2191 mibi
1372 2119 1557 2192 momenti
1582 2120 1816 2212 ridebantur,
1842 2121 1897 2194 sic
1921 2118 2093 2194 collectas

342 2253 510 2345 exhibui,
534 2263 578 2325 ut
601 2252 704 2348 prior
718 2248 856 2325 Oscam
867 2248 1046 2322 Bantinae
1069 2248 1218 2323 tabulae
1232 2261 1378 2347 partem
1402 2275 1491 2326 cum
1507 2254 1748 2352 inscriptione
1761 2252 1913 2352 Capuae
1937 2265 2094 2351 reperta,

341 2387 523 2487 posterior
547 2384 840 2461 Herculanenses
871 2390 909 2456 et
940 2382 1189 2479 Pompejanas
1218 2383 1479 2476 inscriptiones
1508 2387 1630 2453 varias
1666 2406 1755 2454 cum
1789 2406 1878 2457 saxo
1911 2385 2095 2461 Abellano

342 2534 380 2599 et
401 2521 640 2596 vasculorum
672 2519 847 2616 cippique
876 2514 1184 2614 inscriptionibus
1220 2515 1419 2589 contineat.
1470 2513 1567 2587 Eam
1603 2524 1749 2609 partem
1774 2513 1955 2591 Bantinae
1990 2520 2096 2594 tabu·

341 2657 410 2750 lae,
443 2680 538 2754 quae
561 2653 696 2728 Latino
731 2670 903 2724 sermone
928 2657 1072 2723 exarata
1096 2660 1165 2740 est,
1197 2646 1376 2723 Klenzius
1401 2658 1557 2738 nostras,
1590 2646 1841 2727 Bsrolinensis
1865 2675 1986 2748 nuper
2010 2677 2095 2749 pro·

322 2751 461 2868 'leesor
484 2786 734 2875 doctissimus,
763 2784 805 2856 in
830 2781 1000 2858 Rhenani
1025 2782 1148 2857 Musei
1172 2779 1412 2878 philologiae,
1436 2780 1621 2856 'historiae
1646 2781 1947 2881 Graecorumque
1970 2786 2094 2883 philo-

342 2926 496 3026 sophiae
519 2946 542 2995 a
563 2919 771 2998 Niebuhrio
795 2928 832 2992 et
856 2915 1051 2992 Brandisio
1083 2914 1196 2990 dicati
1217 2914 1413 3000 volumine
1439 2914 1601 2989 secundo
1625 2933 1710 3013 pag.
1735 2916 1799 2994 28.
1825 2917 2094 3019 lithographioe

345 3065 400 3137 sic
423 3056 634 3157 suppletam
658 3063 767 3154 atque
790 3053 1010 3129 illustratam
1029 3051 1212 3146 exhibuit,
1235 3061 1279 3126 ut
1301 3051 1364 3126 hic
1387 3071 1464 3127 non
1489 3050 1690 3147 repetenda
1704 3053 1900 3129 rideretur.
1935 3057 2094 3130 Mamer-

345 3198 464 3273 tinam
486 3215 577 3267 rero
601 3191 899 3287 inscriptionem,
914 3186 1067 3264 Graecis
1091 3185 1211 3261 literis
1236 3209 1460 3285 expressam,
1485 3187 1580 3262 sicut
1592 3185 1791 3262 nonnullas
1816 3187 1906 3263 alias
1929 3191 2095 3268 minores

345 3330 474 3424 Oscae,
497 3327 649 3403 nonnisi
673 3326 773 3428 typis
796 3326 839 3402 in
854 3323 952 3399 libro
976 3324 1032 3397 sic
1056 3322 1232 3396 exhibere
1257 3322 1355 3396 mibi
1368 3321 1486 3416 licuit,
1512 3324 1702 3421 quomodo
1728 3322 1826 3398 mihi
1841 3326 2094 3424 innotuerunt.

344 3467 544 3559 Nummos,
576 3464 644 3563 qui
674 3461 857 3560 permulti
887 3459 1041 3559 quidem
1072 3467 1173 3551 sunt,
1207 3458 1276 3533 sed
1304 3458 1402 3534 nihil
1425 3458 1506 3534 fere
1539 3459 1614 3534 nisi
1638 3459 1850 3538 abbreviata
1872 3459 2096 3559 plerumque

346 3603 574 3703 oppidorum
605 3596 880 3696 populorumve
910 3596 1066 3672 nomina
1093 3593 1296 3686 continent,
1330 3594 1556 3668 omittendos
1580 3615 1732 3691 prorsus
1756 3596 1899 3692 putari,
1933 3599 2096 3695 exceptis

346 3735 538 3814 nonnullis
563 3729 790 3822 Samniticis,
822 3729 961 3827 quibus
985 3728 1151 3804 titulum·
1170 3727 1287 3823 hujus
1310 3725 1401 3800 libri
1425 3727 1565 3801 ornavi.
1614 3727 1946 3811 Quemadmodum
1971 3744 2096 3808 autem

346 3895 425 3947 non
449 3891 579 3944 omnes
602 3864 863 3963 inscriptiones
885 3864 994 3940 Oscis
1017 3862 1134 3939 literis
1159 3872 1325 3940 exaratae
1348 3863 1518 3958 ejusdem
1543 3861 1690 3938 dialecti
1714 3877 1814 3958 sunt,
1840 3889 1959 3964 quam
1983 3867 2097 3941 Abel-

223 4097 225 4102 ·
347 4007 426 4081 lani
454 4015 564 4101 atque
587 3999 722 4079 Nolani
754 4023 843 4074 cum
872 3998 1027 4097 reliquis
1057 3998 1213 4098 quidem
1237 3996 1440 4097 Campanis
1471 4001 1518 4074 ab
1543 3998 1761 4075 Ausonibus
1792 4001 1865 4075 orti
1897 4002 1984 4097 sint,
2019 4002 2098 4095 sed,

348 4151 548 4239 postquam
571 4138 688 4215 Tusci
712 4145 750 4211 et
763 4133 1025 4211 Chalcidenses
1046 4133 1179 4210 Graeci
1202 4134 1296 4209 fines
1320 4159 1454 4210 eorum
1476 4134 1700 4228 insederant,
1725 4133 1955 4210 Samnitium
1978 4139 2099 4235 magis
2189 4233 2194 4242 η

350 4300 464 4375 quam
489 4272 768 4371 Campanorum
793 4272 885 4346 socii
908 4272 1132 4365 exstiterint,
1157 4272 1212 4345 sic
1236 4269 1392 4345 Bantina
1415 4269 1543 4345 tabula
1567 4270 1613 4343 ab
1626 4267 1820 4352 Abellana,
1833 4270 1956 4348 multo
1979 4272 2098 4368 magis

349 4434 524 4486 sermone
553 4409 744 4503 abhorret,
772 4432 886 4506 quam
919 4408 968 4481 ab
997 4407 1151 4505 reliquis
1184 4403 1490 4504 inscriptionibus
1518 4407 1561 4480 in
1585 4402 1791 4503 Campania
1822 4408 1986 4483 detectis.
2035 4406 2098 4482 Ad

349 4529 425 4621 has*
442 4546 568 4642 igitur,
597 4545 706 4619 initio
728 4568 752 4616 a
775 4542 932 4617 Bantina
965 4542 1092 4618 tabula
1114 4541 1278 4639 bilingui
1299 4541 1410 4635 facto,
1443 4541 1548 4638 prius
1572 4543 1840 4620 transeundum
1866 4542 1949 4632 erit,
1982 4559 2097 4638 quam

352 4682 401 4757 ad
422 4680 645 4759 Abellanam
668 4678 833 4758 tabulam
858 4679 1030 4756 omnium
1054 4678 1320 4754 difficillimam
1343 4674 1538 4776 explicatu.
