4675 6000
975 760 1227 841 ..57-

224 934 389 1003 erimine:
412 931 553 997 Bruttiis
575 930 665 995 enim
692 938 849 1012 tanquam
870 922 1097 988 desertoribus
1118 935 1192 990 tum
1212 922 1346 990 demum
1368 925 1501 993 Lucani
1522 944 1644 996 nornen
1665 914 1851 1013 dederunt,a
1874 939 1979 1020 qu'um
2091 934 2102 957 ¹

221 1050 290 1120 Dio
310 1053 439 1118 bellum
466 1053 504 1113 in
523 1049 726 1133 Dionysium
751 1063 889 1109 movens
911 1042 1080 1127 quoslibet
1108 1050 1227 1108 contra
1248 1045 1418 1131 quoslibet
1437 1026 1655 1130 concitasset,
1676 1041 1809 1115 Lucani
1830 1072 1913 1119 uero
1936 1077 1977 1121 eo

222 1185 386 1260 tempore,
407 1167 527 1235 ducem
547 1168 694 1231 Lucium
716 1186 735 1230 e
754 1162 894 1228 Samnio
914 1163 1032 1244 secuti,
1064 1163 1207 1227 intrme
1228 1161 1389 1230 videntur
1410 1165 1608 1249 Lucaniam,
1637 1160 1740 1253 quum
1760 1188 1864 1238 novas
1884 1172 1977 1239 sedes
2029 1188 2034 1195 ·

223 1300 419 1379 quaerentes
440 1284 557 1377 paullo
583 1295 661 1350 ante
680 1283 809 1348 bellum
830 1283 1150 1369 Peloponnesiacum
1169 1292 1300 1349 terram
1321 1285 1511 1351 Thurinum
1530 1284 1739 1355 invaderent.
1782 1278 1975 1374 AThur'iis,

222 1406 445 1476 Cleandridae
466 1405 635 1493 imprimis
656 1384 837 1490 prudentia
858 1400 1030 1485 (Polyaen.
1051 1400 1097 1480 ll,
1110 1404 1297 1484 misti),
1329 1405 1456 1470 iterum
1484 1414 1583 1489 etque
1615 1402 1742 1471 iterum
1767 1394 1865 1491 uicti,
1891 1410 1976 1475 Dio·

220 1530 309 1615 nysii
331 1526 466 1591 demum
486 1525 625 1609 majoris
653 1533 761 1588 aetate
788 1519 903 1603 (Diod.
926 1518 992 1589 Sic.
1015 1519 1114 1601 XIV,
1128 1524 1187 1589 1o1
1198 1524 1260 1608 sq.)
1280 1502 1445 1588 summam
1464 1525 1650 1610 potentiam
1670 1526 1708 1588 in
1721 1526 1845 1619 uetere
1867 1513 1977 1594 Obno-

219 1652 287 1713 tria
309 1646 504 1727 Choniaque
524 1644 616 1707 nacti
635 1650 726 1721 sunt,
755 1651 796 1706 ut
816 1640 960 1705 Italiotis
981 1641 1148 1725 oppressis
1168 1639 1289 1704 Petilia
1309 1641 1527 1707 Lucanorum
1547 1631 1724 1709 exsistedet
1744 1644 1828 1721 urbs
1848 1649 1975 1733 prima·
2071 1680 2085 1703 ι

220 1766 283 1834 iia.
326 1760 616 1848 Quemadmodum
636 1769 749 1823 antem
771 1759 899 1825 Bruttii
920 1760 1015 1845 prius
1035 1758 1255 1822 Lucanorum
1276 1770 1427 1845 pastores
1447 1763 1549 1827 fnisse
1570 1758 1741 1845 dicuntur,
1774 1765 1824 1830 sic
1843 1765 1976 1832 Aristo·

218 1885 303 1951 telas
322 1872 591 1960 Pout.'V11,o.·
614 1874 750 1957 italum,
777 1897 798 1940 a
825 1895 893 1959 quo
922 1876 1023 1940 Italia
1048 1877 1188 1961 antiqua
1214 1896 1337 1943 nomen
1363 1883 1504 1967 accepit,
1526 1881 1694 1948 Oenotros
1714 1894 1864 1969 pastores
1885 1888 1975 1974 agri-

220 1994 391 2069 culturam
411 1998 565 2064 docuisse
592 2006 693 2081 atque
720 1988 810 2058 inte'r
835 1993 921 2057 alias
947 1995 1038 2082 leges
1059 1995 1223 2061 salutares
1244 1998 1437 2062 communia
1456 2020 1589 2085 quoque
1610 2004 1767 2070 convivia
1787 1990 1974 2070 instituisse

218 2118 371 2204 tradidit.
411 2116 466 2183 Ad
486 2114 565 2183 Itali
586 2112 724 2202 quidem
744 2121 900 2192 aetatem,
923 2112 981 2196 qui
1001 2111 1185 2177 secundum
1206 2112 1442 2197 Thucydidem
1462 2117 1580 2199 V1,2.,
1601 2119 1663 2183 ubi
1682 2120 1724 2185 ab
1746 2124 1894 2208 optimae
1914 2142 1975 2187 no·

218 2236 273 2307 tae
295 2235 468 2303 codicibus
487 2228 646 2314 lestinis,
666 2252 736 2296 non
756 2221 939 2318 Ἀρκάδων
960 2222 986 2293 θ’
998 2232 1142 2314 pessima
1161 2230 1320 2314 Dionysii
1330 2231 1411 2295 Hal.
1422 2238 1600 2316 sententia,
1621 2257 1683 2302 rex
1703 2250 1858 2321 vocatur,
1880 2234 1975 2304 annis

218 2356 294 2445 plns
314 2355 475 2453 nocentis
496 2358 573 2418 ante
581 2348 792 2416 Graecorum
811 2350 848 2412 in
863 2344 1015 2412 Siciliam
1035 2345 1217 2412 adventum
1236 2350 1336 2431 vixit,
1357 2352 1536 2439 inscriptio
1555 2363 1672 2418 nostra
1691 2342 1823 2420 referii
1837 2362 1973 2443 nequiti
2047 2372 2055 2380 “

217 2476 274 2541 sed
302 2494 406 2562 quum
433 2466 600 2559 Rhegium
627 2460 699 2550 jain
723 2484 810 2531 anno
838 2484 869 2529 aa
893 2462 973 2530 Chr.
996 2485 1030 2531 n.
1052 2467 1124 2534 668.
1147 2464 1320 2532 conditum
1341 2486 1413 2533 esse
1433 2467 1579 2551 dicatur,
1606 2472 1703 2552 cuius
1724 2484 1844 2563 agrum
1857 2471 1978 2562 ”Alae

216 2588 332 2683 ὅρικός
352 2611 373 2655 a
392 2574 561 2653 Locrensi
580 2584 764 2667 dividebat,
786 2584 876 2648 nihil
897 2581 1052 2670 impedit,
1074 2600 1140 2667 quo
1162 2570 1273 2647 minus
1294 2586 1549 2671 inscriptionem
1568 2582 1712 2676 septimo
1733 2603 1810 2657 ante
1831 2580 1913 2662 Chr.
1935 2592 1970 2658 n}

217 2712 331 2778 seculo
354 2717 524 2774 exaratam
546 2716 713 2790 putemus,
736 2705 936 2791 praesertim
957 2718 1062 2786 Qum
1074 2688 1194 2788 ”Atqt
1211 2702 1325 2786 potius
1345 2701 1559 2785 adGhoniae,
1581 2724 1682 2791 quam
1698 2688 1974 2776 adhocrensibni

216 2832 304 2895 tinas
320 2824 560 2918 significandos
581 2818 698 2910 ὁρικός
719 2818 864 2901 dicatur,
900 2818 1057 2904 idemque
1083 2821 1207 2884 fluvius
1234 2818 1418 2885 secundum
1445 2820 1625 2889 Timaeum
1652 2822 1742 2910 apud
1766 2826 1974 2917 Antigonum

219 2944 416 3034 carystium·
432 2944 633 3032 Lpeculiare
661 2930 755 3006 illud
769 2940 943 3020 hahuerit,
973 2948 1014 3004 nt
1033 2934 1168 3003 cicadae
1193 2938 1237 3001 in⁴
1257 2936 1481 3006 Locrensium
1507 2953 1605 3028 parte
1625 2942 1772 3027 vocales,
1802 2948 1840 3011 in
1867 2935 1974 3014 eltcla'

218 3071 315 3154 panta
336 3077 449 3132 mutas
471 3069 589 3131 essent.
696 3033 712 3066 ’
1545 3141 1546 3150 ¹

366 3171 515 3248 ⁴Omue's'
534 3177 688 3246 coioniae
716 3183 754 3245 in
779 3179 1001 3264 inscriptions
1022 3171 1238 3256 memoratio,
1260 3180 1332 3243 sive
1351 3178 1488 3245 nomine
1508 3197 1570 3246 suo
1590 3177 1730 3247 vocene
1744 3183 1823 3280 'sive
1844 3169 1972 3274 signitil

218 3315 310 3372 cata'e
337 3313 469 3370 tantum
494 3299 679 3365 fluviorum
707 3301 814 3379 ostiis,
851 3307 928 3362 aute
955 3294 1121 3386 Rhegium
1140 3295 1303 3392 'conditae
1334 3309 1432 3363 suut:
1462 3318 1541 3363 nam
1567 3297 1698 3363 Locros
1726 3285 1976 3390 Epizephyrioi

215 3425 322 3488 Locri
342 3422 486 3509 Opuntii
512 3422 578 3500 jam
604 3437 692 3481 anno
712 3420 779 3486 683
797 3437 828 3485 at
851 3413 931 3481 Chr.
955 3433 988 3479 n.
1011 3405 1349 3501 condiderunt,atque
1369 3417 1586 3504 praecessisse
1607 3419 1719 3482 fertur
1746 3419 1821 3484 alia·
1840 3423 1974 3487 colonia

216 3545 310 3607 circa
330 3542 404 3620 ⁷24,
426 3542 497 3604 imo
517 3539 691 3622 antiquior
710 3557 729 3601 e
751 3534 913 3620 Corcyra.
957 3532 1098 3617 Quando
1111 3532 1286 3615 cauteria,
1310 3533 1478 3620 quondam
1499 3535 1542 3600 ob
1565 3535 1754 3602 convallem
1773 3539 1851 3604 aute
1871 3535 1971 3604 ettam

93 3723 98 3737 ,
215 3659 363 3746 Antonia
388 3656 491 3736 dicta,
520 3656 579 3721 sed
606 3674 685 3719 cum
710 3654 842 3718 incolae
869 3674 890 3721 a
917 3653 1061 3718 Bruttiis
1089 3654 1191 3734 eiecti
1218 3655 1254 3716 iu
1275 3651 1430 3728 Siciliam
1446 3655 1493 3720 'se
1521 3656 1738 3741 recepissent,
1759 3654 1901 3733 deserta,
1929 3657 1972 3723 ab

214 3753 354 3843 Achivis
376 3773 510 3840 condita
530 3776 586 3856 sit,
607 3776 805 3863 ignoratum
827 3771 886 3837 sed
893 3765 1113 3856 Scylletium,
1134 3768 1225 3856 quod
1237 3769 1453 3838 Crotoniatae
1474 3771 1706 3860 possederunt,
1728 3796 1832 3861 quum
1842 3775 1973 3861 Diony·
2003 3752 2009 3766 Σ

94 3911 104 3926 ·
217 3897 288 3960 sius
308 3907 439 3983 partem
449 3891 676 3957 Locrensibus
697 3891 803 3972 daret,
825 3881 1137 3956 Atheniensiumcol
1158 3892 1247 3970 onia,
1270 3890 1574 3975 quiMenestheum
1594 3894 1702 3957 secuti
1717 3904 1811 3981 'sunt
1833 3893 1971 3961 dicitur.

214 4013 382 4094 Petiliam,
403 4012 465 4076 ubi
485 4021 610 4077 tessera
631 4009 806 4097 hospitalis
828 4019 963 4096 reperta
984 4019 1043 4084 est,
1064 4009 1161 4091 cujus
1182 4008 1398 4093 alphabetum
1412 4021 1554 4098 propter
1574 4011 1806 4098 inscriptionis
1827 4015 1986 4099 antiqui·v

214 4140 318 4199 tatem
340 4134 377 4193 in
397 4131 514 4196 tabula
533 4140 647 4195 nostra
667 4127 788 4210 adjeci,
811 4126 1025 4218 Philoctetes
1039 4125 1228 4193 condidisse
1249 4127 1388 4208 dicitur,
1413 4127 1694 4214 quemadmodum
1716 4131 1895 4196 Crimisam
1916 4150 1971 4195 ar-

215 4269 288 4313 cem
311 4249 482 4335 ipsamque
504 4245 654 4312 Chonem
680 4247 812 4327 urbem,
840 4266 947 4330 aqua
968 4245 1100 4310 Chones
1127 4227 1173 4309 in·
1192 4265 1232 4311 es
1257 4249 1396 4336 regione
1422 4245 1507 4313 dicti
1536 4258 1624 4315 sunt
1666 4249 1815 4339 Lagaria
1833 4250 1916 4336 Epei
1937 4261 1972 4316 et

214 4366 448 4447 Phocensium,
470 4363 559 4430 Siris
580 4375 704 4445 eutem,
727 4383 812 4451 quae
827 4363 1017 4452 postmodo,
1039 4364 1209 4429 Heraclea
1229 4364 1280 4430 ibi
1300 4369 1415 4435 adiit.
1437 4367 1664 4433 eTarentinis
1684 4367 1832 4450 condita,
1853 4369 1973 4433 navde

212 4485 498 4552 Heracleotetum
526 4484 668 4564 exstitit,
689 4483 817 4547 Troica
837 4481 964 4548 dicitur
985 4481 1155 4551 Straboni.
1190 4457 1443 4571 'Metapontum
1469 4506 1603 4572 quoque
1630 4497 1700 4551 tam
1725 4489 1864 4573 antiqua
1890 4488 1973 4552 urbs

215 4606 292 4683 fnit,
317 4614 358 4670 ut
378 4604 477 4691 origo
499 4604 569 4684 ejus
589 4600 633 4667 ed
648 4600 766 4688 Pylios
787 4623 808 4666 a
828 4602 935 4685 Troja
954 4600 1095 4667 reduces
1115 4604 1304 4668 reseratur:
1328 4599 1445 4667 eadem
1466 4614 1578 4668 tamen
1598 4604 1730 4670 Metabi
1750 4602 1844 4669 sedes
1864 4622 1972 4670 novos
2021 4653 2035 4670 κ

212 4720 382 4808 quondam
402 4721 539 4787 colonos
560 4691 609 4787 ab·
623 4718 764 4784 Achaeis
786 4730 820 4784 et
841 4719 1009 4804 Sybaritis
1029 4723 1169 4807 accepit
1201 4720 1389 4786 Tarentum
1413 4742 1433 4784 a
1454 4721 1730 4788 Lacedaemoniis
1753 4743 1783 4788 a.
1796 4724 1868 4792 tot.
1891 4743 1972 4788 con-

213 4839 284 4907 dita
304 4849 366 4918 est,
388 4805 496 4912 tribus
517 4841 613 4905 annis
634 4850 710 4925 post
725 4839 909 4906 Crotonem
929 4840 985 4905 vel
1007 4838 1169 4906 tredecim
1191 4825 1497 4926 postSybarim‘ab
1518 4840 1662 4906 Achaeis
1682 4839 1863 4910 conditam.
1907 4844 1971 4908 Eo·

212 4957 289 5024 dem
310 4968 462 5046 tempore
481 4959 550 5040 jam
569 4959 745 5047 magnilica
767 4958 958 5024 celebratur
979 4956 1130 5023 Siritidis
1152 4970 1266 5023 terrae
1287 4961 1472 5025 amoenitas
1492 4960 1534 5024 ab
1550 4959 1768 5043 Archilocho,
1790 4960 1895 5025 Thasi
1916 4965 1971 5026 in·
2083 4992 2085 4996 ¹

106 5144 110 5148 .
211 5076 303 5144 sulae
323 5076 540 5164 asperitatem
562 5086 786 5163 conquerente
808 5075 897 5165 apud
918 5075 1038 5145 Athen.
1050 5073 1130 5160 ΧΠ,
1143 5080 1195 5147 Ab
1241 5076 1339 5162 Quod
1354 5076 1575 5146 Athenienses
1597 5076 1853 5161 contendebant,
1875 5078 1971 5145 Sirio
2093 5171 2096 5176 Ι

1466 5247 1489 5314 8
