4675 6000
998 864 1248 928 ..21-

251 1028 340 1095 vinis
360 1025 485 1094 tabulis
507 1026 645 1116 legitur,
687 1025 729 1091 In
748 1025 816 1089 ine
837 1022 942 1110 primi
961 1042 1080 1091 versus
1101 1025 1205 1093 breve
1217 1044 1354 1112 quoque
1373 1045 1497 1092 nomen
1517 1029 1688 1094 mteribsc
1706 1031 1766 1102 vix
1786 1028 2001 1111 crediderim,

252 1148 317 1211 etsi
343 1149 381 1211 in
409 1142 556 1212 secundo
576 1164 679 1212 versa
698 1146 827 1234 legitur
846 1141 953 1210 Med.
974 1143 1152 1228 KcaFa,
1176 1167 1252 1231 quo,
1273 1148 1346 1212 sive
1367 1148 1556 1226 Kanac
1583 1150 1620 1212 in
1641 1151 1793 1238 genitivo
1814 1168 1893 1214 casu
1913 1150 2004 1237 posi·

249 1274 459 1351 computes,
497 1268 570 1329 sive
596 1260 808 1342 Kaerusc
835 1261 1042 1343 adjectivum
1067 1266 1223 1350 accipias,
1252 1264 1533 1349 quemadmodum
1557 1270 1593 1331 in
1619 1267 1761 1333 Bantina
1786 1268 1902 1332 tabula
1931 1287 2004 1331 ceos

248 1380 389 1450 Bantius
400 1374 496 1461 (ciuis
507 1384 687 1461 Baalim)
701 1393 737 1448 et
749 1380 996 1469 inPompejana
1012 1382 1104 1448 aedis
1114 1383 1213 1448 Isidis
1227 1385 1449 1470 inscriptione
1459 1387 1713 1476 KFateoaep
1724 1388 2002 1469 Πεμπαιιανς

159 1522 162 1525 ·
248 1501 424 1577 (metor
443 1502 673 1587 Pompeianus)
692 1503 833 1593 legitur,
864 1502 1052 1591 Campanus
1077 1506 1294 1593 magistratus
1322 1506 1540 1592 significatur.
1581 1506 1713 1572 Meddis
1734 1508 1770 1569 in
1791 1505 1935 1570 Bantina
1955 1514 2004 1568 ta·

249 1619 330 1684 bula
354 1641 424 1686 una
449 1643 467 1688 s
494 1622 593 1686 finali
619 1621 800 1703 scribitur,
832 1621 919 1688 bano
945 1632 1060 1688 autem
1086 1624 1123 1686 in
1145 1621 1313 1708 Gapuensi
1334 1624 1566 1710 inscriptione,
1588 1626 1679 1689 sicut
1699 1627 1735 1688 in
1756 1623 2004 1688 Herculanensi
2085 1676 2088 1685 ,

248 1741 376 1805 iactum
398 1750 461 1821 est,
488 1737 723 1830 geminandam
743 1752 838 1826 puto,
870 1744 950 1826 quia
968 1760 1149 1824 νεσσιμα
1171 1761 1305 1827 quoque
1326 1744 1401 1811 ui.
1423 1761 1488 1828 pro
1508 1745 1629 1827 pacina
1650 1739 1826 1822 adjective
1840 1743 2004 1807 Bantinee

249 1858 383 1923 tabulae
403 1859 568 1945 scriptum
588 1857 739 1926 videtur.
784 1859 850 1924 Vis
871 1859 1007 1943 qnidam
1028 1860 1187 1926 vocabuli
1211 1879 1281 1923 non
1308 1870 1358 1923 est
1378 1879 1517 1943 prorsus
1539 1857 1667 1939 eadem,
1702 1879 1807 1943 quum
1827 1869 2004 1925 contextus

247 1976 432 2044 verborum
453 1979 594 2066 flagitet,
616 1988 657 2042 at
676 1996 817 2061 ssoacaa
836 1977 998 2043 sollennia
1018 1978 1201 2065 significan
1223 1973 1282 2038 scd
1302 1976 1470 2038 sollennia
1490 1975 1559 2038 dici
1579 1977 1697 2056 solent,
1719 1984 1805 2059 quae
1826 1978 2005 2060 quotannis

250 2094 395 2179 repetita
414 2095 683 2158 conunaantm·
706 2092 826 2155 Heca
846 2094 883 2152 in
902 2093 1057 2176 Iguvinis
1077 2092 1202 2156 tabulis
1222 2096 1310 2179 sicut
1330 2094 1511 2174 significat,
1533 2091 1813 2172 quemadmodum
1828 2094 1939 2159 acvel
1951 2113 2005 2172 σι,

251 2209 342 2293 quod
363 2212 399 2273 in
418 2209 491 2273 line
508 2219 645 2275 nostrae
665 2184 898 2290 insoeiptionis
919 2203 1142 2286 supplendum
1159 2206 1311 2281 lvii-etur,
1332 2204 1616 2286 procreabant)
1627 2213 1778 2294 ponitur.
1820 2209 1902 2277 Eae
1924 2230 2005 2274 vero

250 2350 282 2394 v.
295 2333 333 2416 4,
348 2347 411 2414 pro
432 2325 760 2392 ablativo-feminini
780 2321 915 2408 generis
935 2318 1026 2397 (tac)
1046 2314 1282 2402 accipiendum
1303 2327 1363 2395 cst,
1386 2328 1426 2382 ut
1446 2340 1523 2382 cum
1545 2344 1668 2403 εμιια
1688 2326 1721 2386 h.
1733 2346 1762 2390 e.
1785 2317 1895 2410 ὃμάδ
1901 2350 1915 2394 ι
1935 2331 2007 2392 sive

250 2447 464 2515 universitate
483 2428 655 2528 iung‘atpr·
712 2436 945 2502 Unrbcrsitatis
964 2431 1148 2496 secundum
1168 2432 1384 2497 Marcianum
1404 2435 1442 2497 iu
1461 2435 1590 2523 Digest.
1614 2439 1675 2503 lib.
1699 2440 1726 2509 1.
1749 2446 1803 2508 tit.
1825 2445 1858 2511 8.
1880 2446 1947 2534 leg.
1970 2450 2003 2512 6.

250 2573 329 2626 sunt
349 2560 542 2625 communia
562 2556 758 2634 curiatum
779 2571 897 2618 sacrae
915 2560 1037 2645 autem·
1049 2570 1102 2614 res
1122 2550 1285 2632 sunthac,
1307 2552 1539 2637 quaepublice
1560 2568 1774 2624 consecratae
1795 2573 1882 2629 sunt.
1913 2562 2004 2626 Hinc

250 2702 324 2746 eno
344 2699 467 2762 εμιια
487 2693 552 2761 pro
573 2673 636 2738 iac
655 2675 692 2738 in
713 2673 848 2738 ciuitate
866 2672 1015 2755 positum
1036 2677 1131 2753 puto,
1154 2678 1291 2752 totaque
1312 2670 1492 2753 inscriptio
1514 2672 1562 2733 sic
1584 2683 1634 2737 est
1653 2675 1838 2743 vertenda:
1903 2728 1913 2753 ,

415 2795 487 2861 Εκα
506 2791 632 2877 spraud
651 2787 743 2857 Med.
765 2786 966 2868 naseam
987 2805 1108 2874 saepo,
1124 2760 1218 2852 isaac
1240 2806 1302 2851 ssu
1366 2805 1465 2867 εμιια
1506 2807 1647 2869 secatus
1667 2809 1734 2856 σ....

416 2914 486 2981 Hic
514 2912 605 2979 dicct
635 2907 965 2990 Meddtxcaapcnas
994 2926 1101 2987 sacra,
1134 2884 1754 2975 stmttactncivitatesotteantanai.

722 3140 760 3216 2.
813 3133 1042 3214 Mamertina
1066 3134 1266 3241 inscriptio
1293 3160 1313 3212 e
1337 3133 1530 3215 Messana.

418 3274 572 3338 Innctuit
599 3270 686 3336 mihi
712 3271 796 3336 baec
823 3271 1001 3356 inscriptio
1022 3288 1042 3333 e
1063 3266 1203 3333 Castelli
1223 3286 1338 3354 opere,
1369 3268 1457 3354 quod
1478 3270 1679 3336 inscribitur
1700 3270 1839 3340 Siciliae
1860 3285 1893 3339 et
1913 3276 2006 3359 obja-

197 3411 211 3442 ·
252 3396 390 3463 rentiam
416 3393 592 3460 atalanten
618 3400 757 3456 octenas
772 3392 1029 3472 inscriptionum
1054 3359 1138 3451 nova
1166 3388 1336 3453 collectio.-
1363 3389 1601 3473 prolegomenis
1621 3401 1654 3455 et
1673 3395 1763 3457 notis
1784 3392 1954 3461 illustrato
1974 3405 2007 3457 et

250 3519 365 3581 iterson
394 3533 461 3578 cam
491 3510 766 3577 emendationibus
793 3518 826 3575 ct
855 3509 1014 3578 sectariis
1043 3506 1199 3590 evulgata
1217 3505 1372 3573 Panormi
1401 3511 1491 3594 typis
1520 3511 1624 3594 regiis
1646 3509 1738 3578 1784.
1782 3509 1836 3573 Ibi
1857 3530 1932 3599 pag.
1953 3517 2005 3579 60.

250 3647 393 3697 numero
418 3630 530 3697 xtvl
557 3633 595 3694 iu
620 3630 881 3714 inscriptionum
908 3625 1086 3717 divisionis
1113 3625 1218 3690 classe
1238 3625 1283 3690 V.
1306 3625 1444 3690 Graecis
1465 3627 1575 3693 literis
1596 3628 1765 3693 exhibitae
1790 3629 2007 3713 inscriptioni

251 3760 328 3838 post
348 3767 469 3814 nomen
488 3744 764 3814 Messanae‘baec
784 3746 889 3812 verba
909 3747 1137 3831 superscripta
1157 3755 1256 3810 sunt:
1279 3745 1398 3812 Edidit
1416 3750 1540 3830 pronos
1555 3745 1746 3813 Gaalteriac
1766 3767 1800 3812 n.
1815 3749 1845 3815 7.
1864 3748 2008 3812 emcnda-

252 3873 364 3937 tioren
386 3877 490 3934 nmen
510 3867 603 3933 dedit
624 3866 660 3937 0.
680 3865 874 3935 Dentatus
895 3863 1015 3932 Gallus
1035 3867 1072 3931 in
1081 3860 1202 3931 Annei
1215 3865 1358 3936 Messon·
1377 3866 1448 3936 Vol.
1459 3868 1487 3933 1.
1497 3888 1578 3953 pag.
1594 3867 1652 3934 16.¹
1668 3865 1783 3948 adpar.
1824 3866 2007 3951 Inscriptio

252 3989 394 4074 ipsanio
414 3985 614 4054 exhibetur:
729 3987 743 4064 ,³
1136 3994 1139 4002 ’
1175 3975 1192 3988 ”

751 4107 1088 4194 murusculus
1115 4107 1266 4164 nrum.
1279 4108 1308 4163 Η
1332 4110 1397 4165 un

749 4217 875 4278 maii
893 4216 1069 4276 ΠΟΜΠΙΔΑ
1086 4217 1126 4272 ΤΙ
1143 4217 1195 4271 ΕΣ
1214 4219 1311 4273 ivus
1330 4218 1399 4273 led
1416 4216 1468 4274 RE

944 4286 1117 4385 lancula
1141 4324 1301 4382 ovonun

656 4465 660 4469 Α
751 4434 851 4492 uma
873 4435 944 4491 nan
968 4433 1044 4489 ren
1067 4434 1115 4490 ro
1139 4432 1393 4490 usunrruvou

751 4542 1010 4601 uumnnovu
1033 4543 1062 4596 u
1085 4543 1150 4597 mn
1174 4541 1297 4598 norea

290 4713 295 4722 ’
396 4689 534 4772 ,Quum
554 4685 683 4752 Zancle
697 4684 902 4768 Siculorum,
923 4707 944 4752 a
963 4687 1142 4752 Messeniis
1164 4687 1295 4752 colonis
1310 4684 1465 4750 Messana
1485 4685 1670 4765 nominata,
1691 4685 1813 4771 priscis
1833 4684 1903 4764 jam
1925 4693 2006 4748 tem·

255 4804 396 4892 poribus
415 4804 689 4871 Chalcidensium
716 4803 872 4870 cCumis
900 4805 1157 4885 coloniaesset,
1189 4803 1422 4887 Mamertinos,
1454 4807 1514 4889 qui
1535 4782 1723 4872 Messanam
1747 4811 2024 4885 occupaverant

254 4943 325 4990 non
345 4924 455 4989 solum
475 4923 683 4990 Graecorum
702 4923 868 4992 vocabula
893 4926 931 4990 in
951 4925 1102 5013 linguam
1123 4941 1221 4994 suam
1239 4928 1415 5012 recepisse,
1444 4923 1502 4994 sed
1522 4925 1627 4990 verba
1647 4939 1776 5007 quoque
1797 4919 2006 4988 Graecorum

256 5063 353 5107 more
371 5044 515 5124 flemme,
535 5054 575 5108 nt
593 5044 735 5131 propria
755 5042 918 5129 quaedam
938 5041 1103 5110 dialectus
1123 5047 1308 5125 exsisteret,
1331 5055 1469 5108 naturae
1492 5051 1750 5110 consentaneum
1771 5052 1831 5110 cst
1856 5039 2007 5108 verum-
2038 5124 2040 5128 Ι

258 5174 369 5229 umen
390 5163 456 5227 liae
481 5173 549 5227 non
576 5163 615 5227 in
638 5182 717 5230 eum
736 5160 874 5232 modum
893 5165 1020 5230 tactam
1039 5170 1134 5248 puto,
1162 5171 1202 5228 nt
1223 5163 1303 5228 Osci
1324 5160 1491 5228 Graecum
1511 5179 1644 5244 quoque
1664 5161 1855 5226 articulum
1873 5173 2010 5244 recepe·
