4675 6000
991 835 1241 920 15ιῖ-

247 1016 361 1084 epora,
389 1007 449 1063 aut
470 1016 538 1083 quo
566 999 717 1064 coloniae
739 994 835 1074 duce,
863 1007 924 1063 aut
944 999 1065 1081 quibm
1086 1004 1154 1067 acti
1175 1001 1304 1068 casibus
1331 1008 1501 1092 antiquam
1521 1014 1666 1098 patriam
1687 1016 1909 1102 reliquerint:
1943 1035 2019 1106 et,¹

224 1115 408 1195 ,stabulans
429 1115 592 1181 Graecam
613 1119 731 1197 secuti,
752 1115 818 1181 hoe
838 1117 966 1181 nullius
987 1124 1135 1185 auctoris
1157 1121 1278 1187 Graeci
1299 1129 1491 1193 testimonio
1513 1134 1764 1201 confirmarunt.
1801 1140 1863 1204 Rei
1883 1145 1991 1231 igitur

120 1316 127 1327 ·
241 1236 387 1301 »veritas
409 1234 575 1319 (Ῑιιοιιιοάο
597 1255 632 1299 sc
653 1235 785 1315 habeat,
807 1237 975 1303 incertum
997 1248 1056 1304 est.
1088 1239 1187 1323 Quod
1208 1244 1238 1305 si
1258 1246 1404 1309 istorum
1424 1268 1535 1313 sermo
1556 1271 1657 1317 verus
1679 1267 1740 1337 est,
1761 1277 1829 1321 non
1850 1275 1990 1347 possunt

242 1355 372 1419 »coloni
393 1373 463 1417 esse
484 1355 590 1418 ullius
611 1354 753 1420 alterius
780 1358 914 1444 generis
943 1377 1044 1441 quam
1070 1356 1261 1427 Arcadici«.
1305 1363 1397 1429 Tum
1416 1378 1591 1453 postquam
1612 1379 1812 1439 seutentiam
1833 1398 1927 1444 suam
1949 1401 1991 1445 ex
2062 1442 2066 1451 .

238 1472 294 1547 iis,
323 1491 409 1556 quae
436 1471 479 1536 ab
500 1474 647 1557 antiquis
676 1476 783 1559 politis
811 1486 847 1540 et
866 1475 1059 1542 fabularum
1086 1483 1309 1566 scriptoribus
1338 1482 1379 1547 de
1399 1483 1533 1550 sedibus
1556 1500 1590 1554 et
1617 1511 1740 1579 genere
1762 1496 1990 1565 Oenotrorum

239 1591 365 1676 scripta
386 1593 536 1672 fuerunt,
568 1592 714 1678 probare
735 1603 874 1659 conatus
896 1605 957 1676 cst,
986 1593 1110 1677 adiecit
1130 1598 1158 1677 1,
1171 1604 1221 1667 13.
1244 1600 1327 1665 baec
1348 1622 1449 1686 quam
1469 1607 1609 1670 minime
1631 1612 1837 1693 probabilia:
1872 1615 1992 1682 »Arbi-

239 1718 337 1772 stror
356 1717 471 1775 autem
490 1711 581 1794 ipsos
603 1708 771 1775 Oenotros
799 1733 875 1776 curn
896 1714 1004 1778 multa
1033 1715 1100 1778 alia
1120 1715 1240 1803 Italiae
1268 1720 1345 1782 loca
1372 1740 1562 1808 occupasse,
1595 1748 1680 1810 quae
1708 1735 1833 1816 partim
1860 1734 1992 1804 deserta

240 1826 384 1907 »partim
404 1827 492 1889 male
513 1825 605 1888 culta
625 1827 719 1890 nacti
740 1829 886 1906 fuerant,
917 1840 990 1894 tum
1013 1833 1115 1894 etiam
1137 1836 1214 1919 egri
1235 1847 1366 1918 partem
1387 1840 1536 1923 aliquam
1557 1844 1694 1909 Umbris
1715 1847 1892 1933 ademisse3
1921 1855 1991 1919 Ab·

239 1945 408 2033 »origines
429 1953 543 2009 autem
563 1956 712 2022 uocatos,
737 1944 826 2027 quod
846 1947 884 2007 in
904 1946 1074 2009 montibus
1088 1930 1510 2049 habitarenthcadicum
1532 1964 1622 2024 enim
1643 1974 1695 2029 est
1708 1972 1872 2033 montium
1895 1971 1990 2037 habi·

238 2062 384 2133 »tatiorte
405 2058 596 2137 delectari),
627 2070 667 2124 ut
693 2061 721 2122 ii
743 2063 801 2141 qui
821 2059 963 2124 Athenis
983 2063 1191 2148 Hyperacrii
1212 2078 1248 2131 et
1274 2067 1426 2134 Parhalii
1446 2076 1686 2143 vocabantur«.
1731 2083 1878 2151 Meliora
1898 2110 1988 2174 sane,

235 2176 413 2243 Timaeum
441 2190 589 2258 secutus,
622 2177 789 2261 Scymnus
823 2175 927 2240 chius
953 2181 1080 2243 cecinit
1108 2182 1144 2242 in
1174 2179 1267 2243 orbis
1296 2183 1524 2269 descriptione
1552 2216 1583 2258 v.
1606 2198 1668 2263 216
1688 2220 1771 2285 sqq,
1803 2225 1904 2287 quum
1932 2200 1989 2273 v'el

237 2296 390 2359 fabulosa
410 2298 474 2361 illa
503 2295 545 2359 de
565 2294 773 2360 Umbrorum
795 2296 929 2382 origine
960 2315 993 2383 a²
1012 2293 1128 2359 Circes
1160 2305 1196 2360 et
1221 2296 1338 2363 Ulixei
1368 2302 1443 2366 filio
1471 2305 1596 2372 Latino
1624 2325 1726 2398 atquc
1753 2296 1989 2392 Ausonumab

236 2411 352 2476 Ulixei
373 2416 407 2479 et
429 2412 628 2497 Calypsonis
648 2412 722 2476 filio
744 2412 904 2492 Ausone,
922 2412 1123 2496 quibuscum
1144 2422 1179 2478 et
1199 2415 1274 2496 illa,
1305 2439 1391 2500 quae
1412 2422 1479 2499 jam
1501 2429 1755 2510 antiquissimus
1776 2450 1899 2505 auctor
1919 2444 1990 2509 Hc·

235 2528 348 2594 siodus
369 2531 405 2593 in
428 2530 626 2616 Theogonia
646 2549 678 2594 v.
702 2532 782 2596 loll
805 2548 875 2612 sqq.
897 2526 938 2592 de
959 2529 1066 2618 Agrio
1086 2532 1158 2595 sive
1180 2531 1309 2598 Umbro
1330 2547 1428 2619 atque
1448 2540 1572 2607 Latino
1595 2551 1730 2632 cecinit,
1759 2564 1792 2618 et
1812 2559 1883 2636 illa,
1905 2582 1989 2646 quae

235 2649 393 2737 Hyginus
420 2644 602 2732 Μοθολογ.
634 2666 663 2713 c.
689 2648 760 2714 127.
790 2657 825 2710 et
852 2646 966 2711 Festus
987 2662 1015 2710 s.
1037 2669 1070 2712 v.
1094 2644 1341 2716 Maniliorum
1353 2656 1485 2721 familia
1505 2678 1547 2721 ex
1569 2666 1903 2745 opinione'omnium
1922 2680 1989 2744 llo·

234 2786 413 2845 manorum
433 2775 532 2851 atque
553 2766 659 2851 ipsius
679 2763 838 2849 Dionysii
859 2765 973 2831 Helic.
1004 2764 1067 2845 IV,
1079 2767 1132 2834 le.
1162 2780 1423 2852 annotaverunt,
1453 2791 1657 2864 congruunt,
1687 2783 1852 2857 Graecam
1873 2796 1986 2863 saltim

235 2882 408 2948 Ausonum
429 2886 599 2970 originem
619 2892 794 2949 testentur.
840 2881 999 2947 Ceterum
1019 2881 1174 2949 Ausones
1196 2886 1285 2968 Osci,
1316 2893 1375 2972 qui
1396 2904 1452 2956 cot
1475 2895 1654 2964 lbesaerom
1675 2924 1739 2990 pro
1766 2920 1825 2974 eut
1858 2913 1987 2981 liesca·

235 3021 300 3067 rom
322 3011 386 3068 cet.
409 3001 613 3081 scribebant,
635 3001 769 3064 nonnisi
789 2995 941 3066 Αοιοιιαι
961 2998 1208 3083 ιίιοΑονονιοι,
1230 3007 1318 3071 sicut
1327 3005 1502 3078 Auruncos
1521 3022 1659 3084 nonnisi
1668 3019 1850 3110 Avmncos,
1872 3031 1986 3103 dicere
2037 3079 2042 3088 -

233 3130 428 3206 potuerunt.
473 3119 565 3182 Hinc
585 3115 762 3183 Saturnini
784 3137 914 3204 quoque
935 3120 972 3182 in
985 3120 1123 3185 Etruria
1144 3120 1328 3198 secundum
1350 3125 1498 3195 Plinium
1518 3133 1566 3198 H.
1580 3137 1624 3201 N.
1637 3139 1699 3221 111,
1712 3147 1743 3212 5.
1758 3144 1819 3227 (8.)
1829 3146 1987 3224 Αοιὶιιίιιί

234 3237 445 3319 dicebantur,
478 3257 560 3321 quos
592 3236 747 3322 equidem
775 3231 1046 3327 Ἀβοριγῖνας
1077 3240 1239 3324 Dionysii
1264 3242 1572 3316 Halicarnassensis
1600 3259 1672 3323 sive
1702 3258 1986 3355 Ἀβοριγίνες

234 3357 381 3434 aliorum
402 3354 587 3421 secundum
608 3356 815 3444 Stephanum
836 3358 1063 3440 Byzantinum
1084 3360 1307 3446 interpretor,
1320 3366 1456 3452 quippe
1477 3389 1623 3453 quorum
1645 3394 1749 3461 opera
1770 3382 1900 3480 Pelasgi
1921 3391 1987 3459 Su·

235 3478 386 3553 tornines,
408 3484 494 3539 teste
513 3474 679 3559 Dionysio
700 3472 779 3550 1,2o
801 3486 899 3557 extr,
928 3477 985 3542 vel
1012 3473 1138 3541 Siculis
1166 3480 1313 3566 expulsis
1335 3485 1534 3569 eripuerunt
1560 3493 1617 3555 vel
1649 3495 1690 3560 ab
1721 3518 1757 3562 se
1776 3502 1986 3575 aedificatam

224 3593 458 3664 ,incoluerunt
501 3592 589 3657 Ante
609 3590 811 3682 Aborigines
832 3605 944 3660 autem
965 3594 1098 3660 Siculos
1119 3597 1301 3663 incoluisse
1321 3597 1528 3686 Saturniam,
1551 3613 1729 3680 oraculum
1750 3616 1848 3687 docet
1868 3645 1985 3691 secun.

233 3709 313 3774 dum
333 3708 526 3773 Varronem
547 3709 637 3795 apud
657 3711 873 3775 Macrobium
895 3712 927 3779 S.
950 3713 1022 3795 1,7.
1045 3724 1080 3779 ct
1100 3717 1317 3783 haerentium
1338 3719 1428 3801 1,21.
1451 3722 1599 3815 Pelasgis
1620 3728 1747 3817 datum,
1776 3739 1876 3824 quod,
1892 3755 1983 3810 teste

232 3829 398 3910 Dionysio
420 3826 502 3908 1,19
524 3836 610 3892 extr.
640 3828 681 3893 t..
704 3827 846 3893 Mallius
866 3832 938 3896 sive
959 3831 1134 3912 Manilius,
1156 3838 1215 3920 qui
1236 3836 1348 3901 Plinio
1370 3839 1416 3906 H.
1429 3840 1473 3910 N.
1495 3843 1540 3926 X,
1555 3851 1585 3913 2.
1608 3850 1665 3925 (cf.
1688 3853 1773 3919 Feet.
1797 3878 1822 3920 s.
1835 3880 1868 3923 v.
1891 3883 1982 3930 :exu-

231 3945 403 4031 genarios)
423 3944 703 4034 diligentissimus
724 3959 917 4038 togatorum
937 3962 1084 4037 senator,
1105 3955 1261 4020 maximis
1282 3954 1457 4040 doctrinis,
1479 3963 1575 4030 nullo
1597 3965 1744 4048 doctore,
1766 3976 1902 4062 nobilis,
1924 4004 1983 4047 au·

232 4063 293 4145 dit,
316 4066 351 4127 in
372 4063 507 4151 tripode
528 4063 681 4150 quodam
692 4070 812 4154 templi
833 4066 1009 4137 Dodonaci
1029 4074 1139 4138 literis
1160 4076 1542 4164 antiquisexsculptnm
1563 4084 1687 4153 vidisse
1708 4088 1851 4159 dicitnr:

460 4177 634 4265 ,Στεὶχετι
654 4180 834 4271 μαιόμενοι
854 4189 1001 4257 Σικελῶν
1021 4188 1209 4282 Σατορνίαν
1230 4186 1321 4278 αἶαν,

480 4296 551 4367 tlt
568 4296 816 4393 Ἀβοριγινέων
836 4301 1000 4395 Κοτύλην,
1022 4299 1064 4379 οὗ
1083 4312 1185 4392 νᾶοος
1206 4306 1343 4399 ὀχεῖται,

483 4409 544 4499 Οἷς
564 4413 802 4506 evangelum
824 4420 966 4515 δεκάτην
987 4425 1184 4524 ἐκπέμψατε
1210 4429 1327 4518 (Pollio)
1348 4449 1411 4504 cet.
1656 4531 1659 4538 Ι

228 4537 390 4620 Quamuis
410 4537 526 4602 multis
546 4538 614 4620 jam
642 4543 807 4609 aetatibus
828 4558 906 4612 ante
933 4549 1062 4613 bellum
1082 4551 1271 4640 Trojanum
1291 4554 1357 4622 hoc
1378 4560 1506 4625 factum
1526 4565 1581 4646 sit,
1613 4570 1753 4636 minime
1773 4585 1883 4652 tamen
1905 4599 1979 4646 cre·

226 4653 373 4719 dandum
394 4666 446 4721 est
467 4657 643 4742 Dionysio,
674 4659 870 4729 Peucetiam
891 4667 957 4748 jam
978 4668 1203 4756 septendecim
1234 4679 1507 4763 generationibus
1533 4695 1610 4750 ante
1631 4688 1770 4756 Iliacam
1791 4695 1992 4782 expeditio'
2101 4691 2110 4697 ’

226 4791 303 4837 nem
326 4777 531 4840 cumfratre
552 4775 702 4846 Oenotro
731 4801 774 4845 ex
793 4783 940 4849 Arcadia
968 4786 1011 4853 ad
1038 4787 1161 4855 Italiae
1185 4793 1266 4856 litus
1293 4797 1471 4882 appulisse.
1515 4802 1766 4873 Emendandum
1794 4824 1844 4878 est
1864 4826 1977 4883 antem

226 4890 321 4956 aliud
342 4911 473 4977 quoque
495 4897 727 4962 testimonium
748 4901 839 4987 apud
859 4901 1001 4970 Paulum
1024 4907 1230 4975 Diaconum:
1265 4911 1419 5010 »Peligni
1440 4937 1482 4982 ex
1507 4920 1647 5006 illyrico
1670 4930 1754 4992 orti:
1787 4917 1976 5002 inde'enim

229 5011 395 5095 »profecti
420 5009 525 5074 ductu
546 5012 679 5098 Volsini
710 5021 812 5108 regis,
845 5025 903 5087 cui
933 5045 1119 5115 cognomen
1150 5030 1218 5094 tuit
1248 5031 1407 5117 Lucullo,
1438 5050 1570 5125 partem
1603 5042 1723 5111 Italiae
1755 5066 1973 5138 occuparunt.

230 5127 363 5208 »Hujus
383 5131 521 5193 fuerunt
542 5144 679 5217 nepotes
699 5134 854 5221 Pucinus,
876 5162 896 5206 a
917 5164 982 5228 quo
1002 5143 1192 5230 Puclautes,
1217 5159 1252 5214 et
1271 5151 1411 5236 Pelicus,
1433 5177 1454 5223 a
1475 5178 1541 5244 quo
1562 5157 1726 5248 Pelagus«.

1476 5331 1521 5393 7*
