4675 6000
653 1046 838 1117 Concurrit
854 1045 1017 1116 Samnitis
1037 1059 1136 1115 atrox
1156 1047 1339 1130 bebitstor,
1361 1060 1396 1115 et
1416 1051 1504 1116 altae

737 1166 919 1252 &apem
934 1163 1079 1254 Capuae,
1101 1168 1234 1252 jamque
1255 1168 1405 1235 Nolanos
1424 1168 1527 1237 adest.

310 1276 314 1281 ’
401 1287 536 1353 Nomen
557 1286 685 1354 dicim
703 1285 852 1372 quidem,
884 1286 1013 1372 dequo
1035 1286 1158 1352 Paulus
1178 1286 1350 1353 Diaconns
1369 1290 1525 1375 scripsit:
1548 1281 1708 1356 »Limites
1727 1290 1765 1356 in
1786 1293 1879 1382 egris
1898 1313 1988 1360 nune

239 1408 407 1488 »tormini
428 1427 518 1471 nunc
538 1407 617 1473 viee
638 1415 979 1486 transversarium«,
1000 1407 1037 1470 in
1057 1415 1175 1472 nostra
1196 1407 1311 1473 tabule
1331 1427 1440 1473 saeuo
1455 1404 1598 1494 quodem
1618 1411 1729 1496 spatio
1750 1412 1788 1475 in
1808 1409 1892 1476 dum
1912 1432 1992 1499 per·

235 1539 287 1595 tes
303 1526 450 1593 divisum
471 1536 539 1609 est3
559 1523 734 1610 sedqunm
753 1525 996 1590 enuntiationis
1016 1529 1182 1592 sententia
1201 1529 1353 1615 perlecta
1372 1531 1429 1610 sit,
1451 1531 1481 1594 si
1503 1529 1630 1597 Iiimitel
1648 1550 1717 1594 una
1735 1549 1822 1597 uoce
1841 1530 1990 1621 legatur,

235 1646 323 1712 nihil
343 1645 500 1733 equidem
521 1643 687 1725 desidero,
710 1647 774 1710 etsi
793 1646 896 1710 litera
916 1654 942 1725 t,
963 1648 1078 1712 nescio
1098 1667 1165 1732 qun
1187 1666 1297 1730 causa,
1317 1666 1386 1713 non
1407 1657 1459 1716 est
1478 1651 1623 1739 integra,
1644 1659 1680 1716 et
1700 1652 1799 1736 prior
1814 1651 1945 1717 vocalis
1964 1654 1992 1734 i,

234 1767 324 1830 siout
343 1767 380 1828 in
400 1763 596 1852 praedicato
615 1766 688 1849 meli
698 1785 731 1832 s.
743 1765 959 1833 deontraria
979 1767 1123 1849 ratione,
1145 1787 1326 1854 perperam
1347 1778 1492 1834 exarata.
1535 1770 1628 1856 Mefl,
1648 1767 1738 1834 unde
1749 1768 1883 1835 dativus
1893 1771 1992 1836 iorni·

234 1882 308 1948 nini
326 1886 461 1973 generis
480 1886 587 1970 mestas·
607 1885 644 1948 in
664 1903 767 1950 versu
786 1882 996 1969 paenultimo
1017 1884 1156 1975 legitur,
1178 1906 1242 1973 pro
1263 1889 1351 1972 mefis
1370 1890 1536 1973 scriptum
1558 1894 1689 1968 censeo,
1709 1898 1750 1953 ut
1761 1889 1850 1955 limes
1869 1889 1991 1957 aede

234 1998 440 2090 designetur,
470 2000 751 2089 quemadmodum
771 2003 874 2068 medio
895 2015 985 2069 terro
1009 2003 1045 2066 in
1066 2022 1168 2068 vorsu
1188 2003 1397 2091 paenultimo
1418 2024 1459 2068 ea
1479 2015 1540 2086 est,
1562 2004 1604 2072 da
1624 2026 1691 2092 qua
1710 2006 1883 2095 Virgilius
1904 2004 1989 2088 (tl,

235 2121 296 2191 ito
308 2140 378 2206 sqq·
392 2121 509 2209 paullo
517 2131 598 2189 ento
607 2121 708 2189 illum
729 2120 854 2201 locum,
874 2120 966 2186 unda
975 2121 1180 2186 Prudentius
1190 2142 1309 2189 versus
1320 2120 1362 2188 de
1373 2122 1510 2188 tribulis
1521 2121 1561 2188 G.
1573 2123 1603 2206 1,
1614 2124 1688 2192 lbi.
1698 2123 1822 2207 bausit,
1845 2126 1988 2191 cocinit=

651 2239 738 2305 Anto
759 2238 880 2303 Jovem
900 2239 991 2303 nulli
1011 2239 1211 2327 subigebant
1231 2261 1313 2304 arva
1334 2241 1463 2322 coloni3

649 2356 727 2423 Neo
746 2359 881 2442 signare
901 2354 1039 2441 quidem
1059 2364 1120 2420 ant
1139 2359 1265 2440 partiri
1285 2358 1387 2423 limite
1406 2378 1563 2443 eampum

651 2474 711 2535 lias
733 2480 828 2536 erate
849 2475 887 2539 is
906 2474 1040 2538 mediata
1062 2475 1287 2558 quaerebant3
1309 2477 1448 2561 ipseque
1468 2477 1568 2543 tellus

653 2588 774 2654 Omnia
795 2589 942 2672 tiberim
963 2591 1061 2658 nullo
1081 2602 1250 2677 poscente,
1272 2594 1413 2659 ferebat.

234 2707 324 2775 Nem
344 2706 438 2773 sub
426 2726 539 2795 ipsum
560 2707 687 2792 prioris
706 2709 849 2796 paginas
870 2709 971 2774 linem
992 2732 1025 2775 v.
1040 2713 1093 2779 3⁰
1109 2709 1152 2775 de
1173 2707 1284 2775 medie
1303 2722 1398 2775 terra
1418 2715 1585 2798 scriptum
1605 2712 1752 2799 legitur·
1773 2712 1867 2779 ollod
1884 2714 1993 2779 doen

235 2848 275 2894 ru
296 2830 326 2895 ie
344 2828 428 2912 pedo
450 2827 483 2894 b.
506 2845 536 2892 e
558 2826 619 2892 illo
639 2827 763 2908 (nott)
786 2827 891 2894 libero
916 2848 955 2893 eo
982 2836 1032 2894 ert
1059 2828 1143 2909 solo,
1175 2829 1242 2892 nisi
1267 2830 1497 2908 timebor
1499 2831 1554 2907 (m)
1499 2827 1651 2909 (is(t)
1671 2829 1812 2913 pedo(m)
1833 2831 1992 2918 supplere

235 2947 335 3013 mulis
363 2949 400 3009 in
426 2947 637 3012 nominativo
665 2964 756 3027 orsu,
785 2944 1067 3030 quemadmodum
1091 2949 1128 3011 in
1153 2948 1255 3012 initio
1284 2947 1420 3012 tabulae
1440 2948 1569 3037 legitur
1590 2947 1870 3036 limitet-mesto)
1890 2951 1938 3017 iet
1958 2959 1994 3017 ot

237 3064 399 3134 Abellsno
418 3084 451 3130 v.
465 3063 517 3131 15.
540 3083 604 3149 pro
624 3060 814 3132 Abellanos.
856 3067 956 3152 Mefic
975 3084 1039 3151 pro
1060 3060 1193 3147 μέσος
1212 3064 1360 3146 (medius)
1382 3069 1531 3151 positum
1559 3086 1630 3131 esso
1659 3077 1804 3133 testatur
1823 3070 1994 3155 posterior

237 3184 371 3250 tabulae
391 3184 524 3271 pagina,
545 3181 607 3246 ubi
627 3201 661 3248 v.
673 3184 705 3249 8.
728 3182 931 3248 solosablom
942 3184 1114 3249 Herekleit
1134 3185 1207 3250 sire
1228 3184 1377 3249 sacellum
1391 3184 1550 3250 Herculis
1570 3195 1791 3267 memoratur,
1811 3188 1880 3270 ped
1899 3196 1994 3253 ester

239 3313 335 3371 tems
357 3301 500 3381 m(e)ssee
519 3302 620 3366 ists.
634 3301 735 3383 lisq.
757 3296 791 3365 b.
815 3320 844 3364 e.
865 3301 956 3384 quod
973 3303 1064 3366 istro
1086 3311 1203 3367 terrem
1223 3303 1356 3369 mediam
1376 3314 1425 3368 eet
1436 3326 1446 3365 ε
1475 3321 1621 3390 agnosco
1641 3312 1754 3368 autem
1773 3304 1811 3367 in
1831 3306 1897 3371 iste
1917 3306 1996 3372 tio·-

235 3443 354 3489 rsrnm
374 3443 392 3486 s
412 3432 447 3486 et
466 3418 490 3503 f
507 3418 769 3503 permutatione,
798 3438 863 3502 qne
883 3420 921 3481 in
941 3417 1094 3505 Iguvinis
1116 3437 1250 3501 qnoque
1270 3420 1396 3485 tabulis
1415 3420 1500 3500 mesu
1521 3440 1585 3505 pro
1605 3438 1695 3486 muso
1715 3421 1893 3503 scribitur,
1920 3424 1994 3487 vim

238 3541 453 3609 Sabellornm
480 3540 553 3604 sive
577 3535 793 3600 Samnitium.
841 3536 909 3601 Pro
935 3535 1097 3600 Herculis
1123 3536 1248 3601 sacello
1278 3557 1313 3604 v.
1325 3541 1357 3604 4.
1398 3537 1572 3604 Herebleis
1603 3541 1702 3625 fiisse
1724 3540 1898 3624 scriptum
1929 3550 1992 3620 est,

239 3655 577 3746 quodetiam11,2i.
601 3651 824 3742 supplendum
844 3651 1001 3720 ridetur:
1031 3655 1097 3720 boo
1122 3656 1261 3718 nomine
1287 3656 1414 3740 ficetum
1441 3655 1624 3744 designari,
1656 3659 1832 3740 sequentia
1859 3655 1993 3739 docent,

97 3833 102 3846 .
238 3778 406 3865 inquibus
427 3773 532 3842 verba
552 3772 671 3838 ebtrod
689 3771 814 3854 stidore
831 3794 876 3856 po
895 3772 1068 3840 Herebleis
1079 3775 1208 3859 fliscari
1228 3772 1299 3855 osef
1316 3784 1349 3839 et
1367 3785 1442 3857 pert
1463 3778 1546 3840 ciem
1567 3778 1692 3859 potetis
1710 3773 1876 3841 uortenda
1894 3787 1991 3841 snntz

238 3900 346 3966 alters
366 3894 489 3979 (narie)
508 3892 637 3979 ficubus
658 3892 747 3975 opud
765 3886 908 3973 (nori)
928 3891 1091 3956 Herculis
1110 3895 1238 3978 ficetum
1266 3896 1383 3959 circum
1405 3896 1494 3960 circe
1519 3885 1651 3979 (ἀμφὶ
1671 3915 1713 3959 se
1733 3888 1836 3984 περὶ
1855 3915 1901 3961 sa
1920 3898 1992 3960 sive

240 4025 361 4103 mentri
382 4017 419 4079 in
440 4014 583 4077 Brutina
603 4011 729 4093 tabula)
749 4013 881 4094 peritis.
933 4009 987 4074 Ibi
1017 4010 1144 4093 stidore
1175 4031 1238 4099 pro
1272 4010 1398 4095 ficubue
1428 4015 1595 4099 scriptum
1621 4021 1682 4091 est,
1715 4010 1995 4098 quemadmodum

239 4136 361 4203 Umbri
372 4134 502 4214 fretrus
512 4151 575 4218 pro
587 4131 754 4214 frotrtbm
774 4140 838 4196 cet
853 4127 966 4218 dicere
986 4131 1149 4211 solebant,
1171 4140 1274 4215 atque
1293 4150 1312 4196 s
1331 4132 1367 4193 in
1387 4129 1515 4212 seibose
1532 4133 1658 4214 prestio
1677 4134 1856 4220 geminata,
1877 4151 1993 4217 qnem-

239 4251 423 4321 admodum
443 4253 480 4314 in
500 4252 639 4319 meddiss
660 4261 695 4315 ot
714 4249 880 4317 bosisutsr
899 4235 1161 4314 Herculanensis
1189 4259 1224 4315 et
1244 4247 1523 4336 Pompeianarum
1553 4252 1823 4336 inscriptionum.
1867 4248 1994 4315 Eodem

240 4372 343 4440 modo
362 4373 466 4435 litera
485 4368 507 4435 b
527 4372 721 4458 geminatur
740 4370 779 4433 in
800 4368 1027 4451 triborobbr'sf
1042 4391 1076 4436 v.
1090 4374 1189 4453 llsq.
1210 4368 1282 4433 sive
1304 4369 1535 4453 tribodollios
1551 4391 1584 4435 v.
1597 4373 1637 4437 16
1647 4390 1709 4454 sq,
1731 4371 1892 4456 aspiratio
1913 4388 1994 4433 con·

239 4505 305 4574 tra,
327 4494 364 4557 in
384 4489 511 4574 feiboss
531 4509 598 4576 pro
615 4488 637 4556 b
655 4492 770 4573 posito
789 4499 824 4554 et
843 4491 881 4553 in
903 4488 1022 4553 ebtrud
1040 4502 1104 4574 pro
1125 4496 1194 4553 etro
1209 4487 1371 4554 Umbrico
1393 4490 1531 4570 inserta,
1551 4508 1692 4574 prorsus
1712 4487 1866 4577 neglecta
1885 4488 1994 4552 estin

243 4611 340 4696 fiisse
361 4621 396 4676 et
415 4612 555 4697 plisnam,
584 4609 622 4672 in
641 4628 709 4693 que
729 4608 830 4674 litera
847 4629 867 4674 e
887 4627 1019 4695 qnoque
1039 4608 1210 4673 insolitum
1231 4605 1332 4672 babet
1351 4608 1507 4697 figuram,
1534 4604 1747 4672 hauddubie
1767 4608 1994 4691 antiquiorem

241 4739 279 4796 et
297 4727 819 4796 litaraeGraecseSsimilorem.
859 4726 1017 4794 Ceterum
1039 4747 1140 4812 quum
1161 4728 1289 4815 fiirsurs
1308 4746 1373 4812 pro
1394 4729 1522 4813 ficiscm
1543 4729 1616 4792 sive
1636 4728 1781 4812 ficorisst
1801 4725 1914 4790 siloem
1934 4743 1994 4814 ge·

241 4849 335 4913 neris
361 4847 515 4914 seminini
542 4850 599 4930 sit,
630 4846 667 4911 in
694 4847 843 4913 ablativo
871 4849 970 4934 ,iisse
1000 4865 1132 4933 quoqne
1160 4844 1355 4931 exemplum
1375 4845 1537 4913 babemus
1558 4853 1827 4932 permutatam
1847 4844 1939 4908 inter
1957 4862 1994 4910 se

241 4966 414 5035 vocalium
432 4985 458 5030 a
477 4976 511 5031 et
528 4988 562 5049 o,
584 4965 626 5031 de
647 4985 714 5052 qua
732 4986 835 5051 supra
854 4966 994 5033 uberius
1014 4962 1168 5032 disserui.
1212 4965 1280 5030 Pro
1291 4965 1420 5030 ficubus
1431 4965 1567 5054 quidem
1584 4961 1674 5051 apud
1682 4963 1867 5030 Horatium
1886 4964 1992 5048 Epist.

241 5085 321 5169 11,2
339 5085 404 5151 snb
424 5085 481 5151 lin.
493 5085 622 5175 legitur
639 5085 781 5171 populns
801 5088 902 5152 assita
915 5089 1018 5152 cortis
1039 5085 1225 5167 limitibns3
1247 5083 1306 5149 sed
1318 5086 1403 5150 licus
1423 5086 1460 5151 in
1481 5081 1625 5151 eundem
1643 5083 1745 5148 inem
1766 5099 1837 5150 esso
1856 5083 1993 5168 podien,

242 5223 342 5271 nemo
362 5202 541 5274 dubitabit.
583 5201 872 5295 Praepositionem
889 5226 936 5291 po
956 5224 1034 5271 cnm
1054 5201 1186 5272 Graece
1210 5197 1311 5273 orosi
1329 5205 1523 5292 comperiri
1541 5219 1650 5288 posse,
1671 5204 1760 5270 siout
1779 5200 1852 5284 ess!
1866 5210 1901 5267 et
1917 5210 1994 5284 pers
