4675 6000
345 1000 402 1079 eit,
433 1003 473 1061 ιιι
502 993 696 1081 oppositum
723 990 780 1055 illi
808 989 918 1056 cadom
948 997 1171 1074 spontaneum
1197 987 1326 1073 aliquid
1352 988 1425 1054 sive
1452 982 1607 1057 ἑκούσιοι
1632 989 1793 1083 designet.
1835 991 1919 1062 Acti
1942 997 2015 1061 sire
2034 1002 2092 1061 out

344 1136 378 1181 v.
400 1118 452 1184 26.
474 1133 538 1200 pro
561 1122 669 1198 otpoe,
691 1113 781 1174 sicut
799 1107 876 1175 tritos
896 1110 969 1173 sire
989 1110 1026 1176 io
1045 1129 1079 1175 v.
1092 1110 1142 1173 12.
1154 1112 1207 1177 26.
1217 1110 1269 1176 28.
1284 1126 1347 1192 pro
1368 1108 1461 1187 etin
1480 1129 1544 1173 usu
1564 1108 1679 1192 inisse,
1691 1113 1855 1178 Abellana
1874 1115 1989 1179 tabula
1997 1113 2026 1195 1,
2036 1114 2091 1181 22.

346 1242 382 1298 et
401 1235 453 1299 29.
475 1230 583 1296 (Ιοοιι.
627 1228 794 1294 Graccum
825 1209 925 1294 odra
954 1225 1091 1312 quidem
1117 1227 1191 1291 sire
1216 1227 1381 1291 Latinum
1405 1238 1510 1293 catone
1530 1226 1758 1295 dfferutiem
1777 1251 1894 1297 rerum
1914 1232 2094 1322 significat,

285 1378 289 1387 ·
345 1352 435 1415 sicut
456 1359 493 1415 ot
512 1348 604 1435 apud
623 1347 766 1413 Paulum
786 1346 994 1427 Diaconum,
1016 1345 1076 1411 sed
1094 1347 1258 1411 Latinum
1278 1354 1377 1430 otqse
1396 1360 1446 1410 ex'
1457 1344 1670 1414 adversativa
1690 1351 1928 1432 conjunctione
1948 1361 1986 1416 αι
2005 1347 2095 1414 deri·

345 1480 462 1535 ratum
482 1470 617 1546 scimus,
641 1484 737 1533 soca
758 1474 871 1530 autem
891 1465 1082 1543 sivefaoos
1102 1468 1140 1529 in
1160 1463 1316 1553 Iguvinis
1337 1463 1459 1528 tabulis
1480 1483 1614 1550 quoque
1624 1466 1687 1549 IV,
1698 1469 1731 1550 b,
1742 1473 1794 1536 31.
1806 1490 1869 1556 pro
1891 1466 2094 1548 eruant.

345 1597 546 1673 usurpatum
567 1595 626 1652 cst
669 1583 794 1669 Ub‘um
812 1586 881 1667 pier·
900 1606 934 1650 ιι.
956 1585 988 1651 7.
1011 1582 1145 1650 dativus
1165 1583 1348 1672 singularis
1367 1584 1425 1647 uel
1445 1585 1674 1649 nominativus
1695 1586 1839 1673 pluralis
1859 1590 1904 1652 sit
1925 1586 2098 1672 pronomi-

344 1706 399 1769 nis
419 1706 558 1770 relativi
576 1705 631 1788 pio
650 1725 684 1769 ι.
705 1705 737 1771 8.
759 1712 794 1768 et
804 1707 855 1770 10.
876 1701 934 1766 vei
954 1707 999 1784 4.,
1020 1713 1163 1788 propter
1182 1701 1282 1767 verbi
1297 1710 1489 1783 pertenes..·
1506 1694 1756 1778 uunoationom
1776 1704 1846 1768 dici
1865 1707 1998 1790 nequit,
2019 1713 2098 1769 aute

343 1826 400 1907 pic
419 1843 503 1890 vero
523 1846 556 1889 v.
579 1824 612 1891 8.
634 1842 654 1887 o
674 1842 778 1887 uersu
797 1825 828 1887 4.
850 1840 927 1888 sone
946 1819 1173 1907 supplendum
1193 1818 1342 1901 videtur,
1373 1830 1415 1884 ut
1438 1841 1516 1886 eoos
1538 1823 1595 1903 pis
1621 1841 1664 1905 po
1686 1825 1776 1906 cupit
1795 1842 1860 1908 pro
1887 1826 1920 1889 si
1938 1826 2013 1908 qais
2033 1840 2098 1908 qvo

346 1943 439 2024 capte
457 1943 622 2026 scriptum
650 1941 708 2022 sit,
737 1938 1019 2023 quemadmodum
1039 1961 1073 2006 u.
1096 1941 1147 2005 lo.
1172 1938 1243 2020 pod
1265 1940 1321 2021 pia
1348 1938 1408 2002 dot
1432 1957 1496 2024 pro
1526 1939 1615 2023 qood
1639 1941 1714 2023 qais
1733 1939 1803 2005 dot.
1844 1942 1899 2005 An
1917 1960 2003 2007 uero
2020 1950 2100 2026 post

345 2070 423 2143 poet
443 2079 524 2125 ecco
543 2078 725 2145 perperam
745 2067 920 2122 exaratum
940 2057 985 2120 sit
1004 2076 1069 2142 pro
1088 2057 1158 2138 ped
1175 2066 1252 2137 poet
1272 2075 1354 2120 exce
1373 2057 1446 2121 sive
1466 2058 1556 2143 qaod
1564 2057 1716 2142 posthoc,
1738 2055 1830 2144 quod
1851 2061 1948 2129 uid.
1960 2058 2098 2148 legitur,

347 2188 489 2264 proptor
509 2178 679 2242 incertum
697 2176 883 2241 uerborum
904 2183 1099 2238 contextum
1120 2172 1350 2237 definirenon
1370 2177 1488 2241 ausim.

515 2294 601 2363 Port
620 2313 701 2359 exoo
727 2314 791 2380 pro
815 2291 957 2375 posthoc
980 2292 1030 2355 sic
1059 2293 1226 2376 scriptum
1253 2301 1314 2371 cst,
1343 2291 1625 2375 quemadmodum
1643 2317 1677 2361 v.
1701 2296 1869 2365 11.1t.2o
1889 2316 1937 2379 sq,
1961 2296 2100 2362 contrad

348 2415 440 2480 cneio
460 2432 525 2500 pro
545 2412 699 2479 adversos
718 2410 782 2475 doc
809 2412 846 2473 in
873 2408 949 2496 iege
976 2405 1066 2492 apud
1087 2408 1220 2487 Festum
1239 2425 1266 2468 ι.
1287 2426 1321 2470 ι.
1340 2406 1477 2487 publico
1494 2408 1653 2486 pondera,
1673 2414 1731 2472 rol
1752 2432 1881 2477 exues
1902 2416 1939 2477 in
1958 2414 2099 2500 Pompe·

347 2512 444 2619 jonae
464 2532 697 2616 inscriptionis
717 2529 818 2593 initio
839 2544 903 2609 pro
924 2527 961 2589 is
980 2524 1054 2603 boc,
1081 2522 1172 2587 unde
1192 2514 1281 2588 eisne
1299 2542 1334 2589 ι.
1359 2526 1424 2599 16..
1452 2523 1544 2608 quod
1569 2522 1732 2589 Umbrico
1760 2543 1866 2591 soce
1891 2529 1928 2591 iu
1948 2502 2100 2616 Iguvinis

347 2634 472 2717 tabulis
493 2649 556 2728 111,
569 2669 599 2722 a,
609 2652 639 2712 1.
661 2642 854 2730 respondet,
887 2643 937 2704 sic
959 2639 1087 2718 differt,
1118 2650 1158 2703 ut
1185 2642 1277 2704 exeic
1296 2641 1339 2704 sb
1360 2643 1461 2707 er'zes'c
1478 2662 1512 2705 u.
1535 2646 1588 2709 21.
1610 2644 1684 2707 sire
1702 2646 1774 2710 izs'c·
1786 2667 1819 2711 u.
1842 2648 1905 2727 lt,
1937 2646 2099 2715 Umbrica

347 2771 414 2836 iseo
434 2770 471 2829 in
492 2763 645 2852 Iguvinis
664 2760 788 2825 tabulis
799 2757 906 2838 VLa,
916 2759 969 2826 25.
992 2758 1046 2822 vel
1066 2757 1192 2820 Latino
1213 2759 1275 2824 sic.
1316 2756 1371 2821 Ne
1392 2759 1468 2842 quis
1488 2766 1601 2822 autem
1620 2769 1728 2845 putet,
1748 2762 1851 2827 Oscos
1872 2767 1963 2832 seete
1982 2763 2101 2832 eodem

347 2883 449 2974 modo
470 2880 707 2969 pronuntiasse
727 2895 792 2962 quo
813 2876 912 2941 eizes'c
930 2877 1002 2939 sive
1022 2874 1097 2954 iric,
1121 2877 1201 2958 quia
1220 2876 1342 2942 ceoddis
1367 2894 1400 2942 v.
1421 2878 1453 2944 8.
1474 2866 1561 2944 extr.
1582 2876 1729 2943 Volscus
1748 2881 1855 2946 medix
1874 2892 1925 2947 est
1945 2886 1983 2947 in
2002 2883 2102 2949 Veii·

315 3045 322 3057 ·
348 3013 447 3071 terna
467 2996 691 3082 inscriptione
710 2994 768 3060 vel
787 2994 889 3058 Ennii
908 2994 1037 3060 meddin
1057 2991 1147 3075 apud
1159 2991 1310 3062 Paulum
1325 2993 1526 3074 Diaconum,
1547 2994 1591 3059 ed
1611 2996 1713 3059 aliam
1733 3003 1942 3082 pronominis
1963 3002 2100 3068 demon·

349 3119 487 3187 strutivi
506 3117 652 3179 formam
672 3134 770 3179 ικακ
791 3114 864 3176 sive
884 3132 957 3178 esc
977 3121 1013 3175 ot
1033 3129 1145 3175 ιικικ
1164 3127 1330 3194 provoco,
1351 3129 1437 3193 quse
1458 3109 1587 3197 legitur
1606 3113 1643 3173 in
1663 3115 1941 3200 inscriptionibus
1961 3117 2101 3208 Pompe·

296 3314 301 3326 ⁹
349 3240 404 3323 jis,
427 3235 571 3320 Capuae,
592 3232 733 3298 Abellae
754 3230 912 3318 repertis.
954 3226 1040 3292 Eae
1060 3246 1124 3311 pro
1145 3248 1249 3293 euos
1268 3225 1374 3290 scribi
1394 3229 1516 3312 potuit,
1538 3227 1820 3310 quemadmodum
1839 3235 1876 3297 in
1896 3235 2102 3305 Mamertina

350 3356 571 3442 inscriptione
590 3371 691 3437 ηισα
711 3370 775 3439 pro
797 3350 909 3430 ciseio,
940 3355 1043 3430 atque
1070 3347 1107 3407 in
1128 3343 1281 3433 Iguuinis
1300 3343 1424 3410 tabulis
1444 3344 1506 3425 111,
1520 3366 1551 3426 ι,
1566 3350 1616 3415 14.
1640 3368 1713 3415 soc
1736 3371 1801 3436 pro
1831 3355 2098 3439 eocn111,a,l.

350 3474 496 3564 legitur:
524 3471 606 3536 hinc
626 3473 663 3535 in
683 3480 801 3534 nostra
821 3484 956 3551 quoque
975 3465 1093 3530 tabula
1111 3485 1146 3531 ι.
1169 3469 1220 3532 16.
1251 3479 1337 3527 eumn
1358 3482 1419 3547 sep
1439 3463 1571 3547 fefocs‘d
1587 3485 1652 3550 pro
1673 3466 1735 3532 doc
1754 3488 1815 3534 sec
1833 3469 1917 3553 fecit
1937 3477 2101 3562 scriptum

352 3602 412 3658 est.
456 3591 600 3672 Fefocid
626 3590 716 3653 cuim
738 3587 818 3651 Osci
839 3605 917 3650 cum
938 3579 1205 3669 reduplicatione
1225 3580 1396 3663 dixerunt,
1419 3582 1699 3668 quemadmodum
1718 3585 1867 3670 fefocaet
1886 3610 1919 3658 v.
1935 3596 1984 3658 11.
1998 3604 2033 3659 et
2048 3597 2099 3664 17.

351 3729 416 3800 pro
437 3708 558 3792 fecerit
576 3706 720 3770 Latinae
740 3703 825 3792 legis
844 3725 878 3770 v.
890 3709 921 3771 6.
936 3704 1009 3768 ιίιι
1029 3702 1122 3784 facit
1142 3695 1232 3787 apud
1253 3702 1387 3766 Festum
1407 3721 1434 3765 ι.
1445 3722 1478 3768 ι.
1488 3702 1621 3785 pedites
1639 3706 1797 3788 pondera,
1820 3719 1921 3794 atque
1939 3710 2101 3779 Umbrioo

353 3843 518 3916 φακιστ
537 3826 575 3888 iu
596 3822 748 3912 Iguviuis
769 3822 890 3886 tabulis
910 3821 1000 3903 Ldl.
1045 3821 1178 3888 Foceud
1194 3842 1228 3887 v.
1250 3824 1283 3889 9.
1318 3838 1383 3905 pro
1413 3821 1616 3906 imperativo
1647 3822 1755 3906 facito
1782 3837 1833 3892 est
1860 3829 2103 3915 accipiendum,

354 3948 412 4032 qui
432 3943 595 4007 Umbrica
615 3941 690 4023 feto
709 3942 781 4006 sive
800 3940 889 4024 seito
908 3940 1089 4034 scribitur:
1112 3936 1395 4025 quemadmodum
1413 3959 1497 4005 vcro
1517 3942 1560 4006 ab
1580 3943 1782 4030 imperativo
1803 3948 1904 4011 octsd
1921 3967 1955 4011 v.
1972 3952 2023 4018 lb.
2038 3969 2103 4036 pru

354 4066 451 4149 ogero
472 4062 661 4126 ruentem
679 4079 770 4126 ann
790 4081 823 4127 v.
844 4064 897 4129 cs.
919 4059 1094 4140 sonetur,
1122 4060 1172 4122 ne
1194 4058 1315 4124 nean
1336 4080 1369 4125 v.
1384 4062 1455 4140 ro,
1483 4057 1573 4125 unas
1592 4062 1745 4129 furnum
1766 4047 2048 4135 cucumerem
2066 4087 2100 4134 v.
2152 4116 2158 4124 .

354 4184 407 4250 14.
429 4192 464 4247 et
483 4181 703 4269 participium
723 4179 855 4245 deiocus
874 4200 908 4248 ι.
930 4182 963 4246 9.
984 4179 1122 4266 legitur,
1143 4197 1208 4262 pro
1230 4177 1399 4269 infinitivo
1421 4179 1530 4244 dicere
1548 4184 1658 4269 accipi
1678 4193 1803 4271 potest,
1822 4184 1880 4249 sed
1900 4206 1943 4250 en
1963 4196 2046 4253 stom
2067 4209 2101 4253 v.

356 4301 473 4392 §ipro
494 4302 590 4364 ιἰιιιιι
609 4299 773 4383 scriptum
795 4299 851 4377 sit,
872 4299 954 4382 quia
974 4298 1088 4362 omnis
1108 4295 1192 4362 haec
1211 4298 1342 4361 incerta
1362 4299 1574 4365 iacitversus
1595 4304 1778 4384 truncatio,
1800 4306 2103 4390 affirmarinequit.

356 4417 512 4484 Verbum
532 4427 610 4482 ante
629 4416 751 4482 meddin
771 4437 805 4481 ι.
818 4416 849 4485 Β.
871 4414 991 4486 baben
1012 4415 1190 4505 legendum
1209 4414 1358 4498 videtur,
1379 4416 1469 4483 unde
1489 4418 1586 4501 tepeo
1603 4423 1734 4505 pariter
1755 4419 1880 4503 differt,
1902 4433 2001 4506 atum
2013 4427 2104 4507 capit

356 4536 520 4602 Latinum
539 4556 561 4599 a
582 4538 702 4618 capiat.
743 4532 909 4617 Pnsdr'pid
938 4537 1030 4600 anim
1055 4557 1089 4601 v.
1110 4536 1163 4605 26.
1193 4554 1261 4601 uon
1291 4538 1397 4624 magis
1427 4537 1608 4625 respondet
1638 4540 1763 4606 latino
1791 4540 1974 4623 probibeat,
2005 4561 2105 4625 quam

355 4656 531 4741 pmdipssst
551 4677 584 4721 ι.
605 4655 658 4734 26.
680 4655 804 4718 Latino
833 4653 1039 4736 prohibuerit
1046 4678 1058 4730 ,·
1089 4654 1147 4720 sed
1173 4676 1279 4740 quum
1297 4675 1317 4719 a
1337 4656 1480 4721 Latinae
1502 4657 1587 4747 legis
1611 4659 1727 4724 verbis
1746 4678 1780 4724 v.
1801 4661 1834 4725 ⁷.
1855 4660 1904 4724 set
1921 4661 2104 4742 postulabit
2178 4647 2185 4662 ”

359 4778 433 4864 qua·
452 4785 541 4857 petet
559 4793 619 4858 per
640 4781 883 4855 recuperatores
904 4784 1136 4862 cognoscatur,
1167 4772 1211 4838 dc
1231 4771 1426 4860 repetundis
1447 4778 1503 4863 agi
1523 4778 1560 4839 iu
1581 4787 1697 4842 nostra
1717 4775 1843 4856 tabula,
1864 4777 1960 4861 sipia
1977 4781 2104 4869 signiti-

359 4902 416 4959 oat
435 4890 525 4956 idem
546 4890 637 4978 qnod
654 4894 751 4974 petit,
774 4901 875 4977 atque
890 4891 1054 4977 pradipr'd»
1068 4892 1159 4959 idem
1180 4890 1271 4978 quod
1290 4895 1419 4990 repetit.
1450 4893 1500 4959 Ne·
1519 4911 1604 4957 vero
1624 4895 1696 4958 sive
1716 4897 1780 4975 nei,
1803 4896 1893 4980 quod
1913 4907 1991 4962 ante
2011 4897 2105 4981 bipid

359 5011 511 5100 legitur,
531 5028 594 5095 pro
622 5029 688 5075 nos
708 5007 934 5091 dici-‚solebat
967 5010 1251 5097 quemadmodum
1271 5013 1426 5094 scepsius
1445 5013 1520 5095 scip
1541 5031 1574 5077 ι.
1597 5012 1646 5079 16.
1657 5013 1710 5081 26.
1722 5014 1776 5083 28.
1799 5035 1862 5101 pro
1883 5035 1951 5083 nec.
1993 5015 2047 5081 An
2067 5018 2105 5080 in

360 5128 461 5196 initio
480 5145 598 5193 versus
618 5130 649 5197 9.
669 5130 706 5198 ιἰι
725 5150 790 5216 pro
810 5140 845 5198 et
868 5128 1091 5222 supplendum
1109 5134 1165 5215 sit,
1186 5151 1255 5196 non
1274 5131 1401 5216 liquct3
1421 5128 1482 5197 ced
1500 5135 1606 5232 eitsoe
1625 5133 1796 5221 genitivus
1817 5136 1920 5201 ctiam
1945 5136 1982 5200 in
2002 5136 2102 5201 initio
