4675 6000
984 808 1130 899 -ltt
1192 841 1235 861 .-

235 991 401 1083 geminari
430 986 528 1065 solet,
556 958 688 1049 etiamsi
713 1000 736 1045 rs
764 994 832 1043 non
860 972 1014 1041 elidatur.
1058 970 1243 1039 Vocatium
1269 970 1368 1039 elisio
1397 979 1511 1049 autem
1530 970 1568 1032 in
1588 969 1764 1033 nominum
1784 970 1985 1037 flexionibus

236 1111 321 1179 adso
341 1111 467 1174 usitate
486 1113 548 1180 cst,
578 1112 706 1166 utnon
726 1098 839 1161 solum
858 1094 1024 1180 degerant
1045 1111 1108 1177 pro
1129 1093 1318 1176 degenerior
1338 1089 1395 1159 vel
1417 1108 1489 1155 cene
1509 1089 1657 1156 Bantius
1677 1108 1741 1174 pro
1763 1092 1843 1155 cion
1863 1088 1986 1157 Busti-

234 1251 308 1311 Μ,
330 1226 390 1293 ssd
410 1228 515 1293 etiam
534 1223 606 1308 caefi
626 1238 690 1305 pro
711 1217 843 1297 medius,
866 1209 1148 1301 quemadmodum
1168 1208 1278 1295 Pospi
1298 1228 1362 1296 pro
1383 1206 1521 1291 Papius,
1542 1210 1694 1298 legatur:
1716 1209 1850 1275 Meddis
1869 1218 1988 1274 contra

234 1367 300 1434 pro
321 1345 461 1414 Meddis
481 1344 585 1408 etiam
602 1338 753 1409 Meddiss
774 1357 848 1403 cum
871 1333 1039 1420 geminata
1059 1332 1288 1398 asscribitur.
1321 1329 1414 1412 Quot
1434 1326 1543 1393 modis
1565 1329 1650 1391 Osca
1670 1330 1807 1393 nomina
1826 1338 1864 1393 st
1883 1329 1989 1393 verbu
2127 1394 2130 1399 ,

235 1470 429 1543 asenneus,
450 1460 587 1527 delinim
607 1460 667 1523 vix
686 1466 812 1544 potesta
835 1455 900 1519 etsi
921 1454 1011 1517 onim
1031 1452 1204 1541 genitivus
1215 1451 1389 1519 nominum
1410 1450 1506 1529 inus,
1524 1449 1583 1525 eis,
1605 1449 1828 1522 annitentis
1849 1465 1990 1533 parsum

235 1585 421 1653 verborum
442 1584 479 1646 in
501 1580 555 1659 cd,
576 1579 627 1659 sd,
646 1577 694 1658 id,
718 1577 811 1639 exire
832 1573 929 1654 solet,
957 1573 1064 1659 magis
1085 1580 1198 1635 tamen
1219 1571 1310 1634 inter
1330 1589 1365 1633 sc
1387 1566 1549 1632 differunt
1569 1567 1713 1655 genitivi
1733 1567 1849 1632 molens
1870 1577 1905 1631 et
1926 1568 1989 1633 sn·-

236 1703 373 1772 dulslssc
391 1704 465 1767 sivo
487 1696 665 1766 tridalokos'
684 1694 741 1761 vei
761 1693 943 1781 participia
965 1691 1096 1759 deiecere
1117 1699 1153 1754 ci
1173 1691 1291 1769 druos,
1312 1685 1470 1773 volquod
1492 1696 1560 1751 tarn
1584 1689 1665 1751 terei
1684 1695 1869 1771 protessus
1889 1700 1990 1771 qnam

238 1821 401 1887 ldcscorei
420 1837 485 1906 pro
508 1817 652 1882 thesauri
672 1814 817 1901 legatur.
861 1811 941 1877 Non
962 1811 1074 1875 minus
1094 1807 1261 1872 differunt
1279 1807 1422 1893 ablativi
1448 1805 1593 1890 pluralis
1613 1807 1749 1869 numeri
1770 1804 1995 1888 tridcmlb'sf
2058 1890 2061 1897 ,

237 1952 272 2007 et
292 1939 438 2021 nucleis,
465 1939 529 2002 etsi
551 1939 589 2001 in
609 1933 735 2018 {eiboss
753 1932 877 2017 potetis
897 1947 962 2015 pro
983 1928 1110 2015 ficubus
1128 1929 1252 2011 positis
1278 1936 1438 2011 quintum
1458 1922 1651 1989 declinandi
1678 1944 1782 2011 genus
1803 1943 1823 1987 a
1842 1923 2003 1990 socundo'

238 2057 433 2124 diacorum
455 2057 549 2135 licet,
577 2063 676 2140 atque
697 2061 766 2117 tam
792 2050 964 2138 genitivus
983 2048 1167 2134 singularis
1188 2044 1343 2112 Senater's
1369 2061 1471 2129 qnam
1491 2044 1703 2107 accusativus
1723 2042 1863 2143 pluralis
1883 2042 1992 2125 sebois
2093 2099 2098 2107 ,

238 2175 281 2241 ad
301 2186 456 2261 quartam
478 2172 740 2237 declinationem
762 2168 887 2233 referri
907 2174 1028 2255 potest
1073 2163 1160 2226 Tria
1187 2163 1443 2250 pnechile
1471 2159 1738 2247 dignoscuntur;
1771 2158 1882 2226 dualis
1907 2182 1991 2229 vero

238 2294 374 2362 numeri
395 2292 588 2378 exemplum
610 2286 839 2353 desideratur:
872 2284 1050 2348 vocativus
1072 2293 1140 2343 non
1161 2280 1301 2366 legitur,
1328 2278 1472 2363 reliquis
1500 2279 1631 2340 casibus
1660 2289 1773 2343 autem
1801 2278 1932 2347 accedit
1958 2291 1993 2347 st

239 2411 359 2479 localis
379 2410 511 2477 Nonlnls
532 2407 664 2486 (Nolae)
684 2414 721 2469 et
739 2402 1018 2467 determinativas
1040 2408 1137 2469 teron
1155 2402 1229 2477 sive
1251 2397 1434 2476 resumtis
1457 2391 1570 2479 iarn).
1614 2395 1747 2491 Gradus
1769 2402 1994 2484 comparatio·

239 2532 292 2595 nis
312 2545 458 2618 agnosco
478 2528 516 2589 in
535 2543 625 2590 mnus
647 2516 855 2604 (majoribus)
884 2527 919 2583 et
945 2520 1076 2583 naiman
1103 2514 1298 2597 (meamne),
1331 2534 1533 2600 quamquam
1561 2514 1726 2600 pluralem
1754 2518 1891 2582 sessim
1916 2538 1993 2582 cnm

239 2648 393 2736 genitivo
414 2646 565 2708 oscinem
586 2647 621 2704 et
640 2639 792 2702 ablativo
812 2638 962 2702 msinor‘s
981 2655 1045 2721 pro
1066 2637 1222 2721 positivis
1250 2636 1392 2719 accipio.
1437 2632 1583 2719 Insignis
1605 2641 1656 2695 est
1677 2637 1915 2716 pronominum
1936 2635 1994 2702 ds·

241 2765 546 2829 monstrativornm
566 2757 676 2842 copia,
706 2773 806 2839 quam
826 2756 1034 2833 ascesione,
1062 2772 1144 2817 cccc
1164 2762 1200 2817 et
1219 2753 1321 2831 exeis,
1353 2749 1439 2830 asaf,
1473 2768 1570 2830 eamn,
1599 2753 1793 2831 aissaizis
1821 2763 1856 2819 et
1883 2757 1993 2837 assic,

241 2885 392 2949 eissznoc
413 2882 451 2943 in
470 2876 616 2941 Bantina
636 2871 765 2948 tabula,
793 2872 859 2936 ieoi
879 2873 942 2955 eni,
971 2869 1026 2934 iok
1047 2879 1082 2933 st
1102 2870 1187 2932 eikilr
1207 2870 1245 2932 in
1267 2868 1431 2932 Abellano
1460 2886 1552 2947 saxo,
1582 2868 1680 2933 eboni
1700 2878 1735 2933 st
1762 2872 1820 2935 istas
1839 2875 1876 2934 in
1897 2872 1995 2940 Pom-

242 3002 363 3087 peiane
383 2976 605 3080 inscriptione
628 3000 691 3055 eet.
715 2994 893 3054 testantur.
937 2984 977 3047 In
1009 2982 1202 3048 nominibus
1223 2982 1303 3048 Osci
1329 3004 1426 3069 saepe
1454 2982 1680 3069 deminutivu,
1713 2999 1752 3057 ut
1781 2989 1926 3073 litentur,
1958 2996 1995 3059 in

242 3118 356 3186 verbis
377 3122 497 3181 contra
518 3111 697 3188 intensiva,
718 3115 758 3169 nt
778 3102 1099 3184 arannneinotsor,
1120 3102 1297 3186 ponebant.

677 3311 926 3431 Appendin
954 3303 993 3393 1.
1024 3309 1081 3398 de
1114 3307 1325 3398 Oecorusn
1354 3313 1546 3428 origine.

182 3545 189 3562 ἢ
411 3466 525 3549 Quum
547 3464 633 3527 Osca
654 3461 773 3548 lingua
794 3479 834 3523 ex
855 3459 911 3540 iis,
944 3475 1031 3541 quse
1059 3458 1278 3541 interpretati
1305 3477 1432 3537 sumus,
1462 3461 1531 3521 non
1552 3457 1696 3544 amplius
1722 3459 1769 3526 sit
1788 3471 1882 3527 terra
1901 3470 1997 3549 qnasi

247 3587 432 3677 incognita,
453 3603 518 3673 pro
539 3600 575 3644 se
597 3582 739 3665 qunque
759 3578 861 3641 facile
882 3576 1063 3665 intelliget,
1085 3575 1189 3641 Oscos
1209 3578 1339 3662 pariter
1357 3584 1456 3660 atque
1476 3573 1665 3658 Auruncos,
1677 3576 1834 3661 Volscos,
1853 3582 1996 3649 Latinos

247 3717 282 3773 et
303 3704 449 3772 Umbros
470 3688 716 3765 cum'Sabellis
737 3695 892 3762 omnibus
914 3715 985 3759 csse
1006 3716 1049 3760 ex
1069 3693 1243 3760 Ausonum
1263 3705 1375 3784 gente,
1404 3714 1490 3779 quac
1517 3698 1697 3761 maximam
1723 3708 1856 3800 partem
1877 3700 1997 3769 Italiae

241 3823 330 3896 olim
352 3818 484 3885 insedit
525 3819 621 3902 Quae
642 3818 733 3880 enim
755 3815 954 3880 observatur
974 3812 1177 3894 differentia,
1199 3834 1267 3877 non
1288 3815 1398 3896 major
1417 3815 1603 3900 antiquitus
1623 3817 1701 3897 fuit,
1722 3836 1822 3902 qnam
1842 3841 1907 3905 qun
1927 3820 1999 3888 dia-

248 3943 331 4008 lscti
350 3941 450 4003 nnius
471 3935 688 4020 ejusdemque
709 3936 874 3999 sermonis
894 3953 957 4019 per
976 3936 1091 4026 varios
1112 3953 1208 3998 casus
1229 3943 1377 3998 mutatae
1399 3930 1646 4000 discernuntur.
1687 3936 1736 4000 Ea
1756 3948 1879 4020 autom,
1912 3960 1997 4026 quse

248 4061 441 4126 communia
460 4059 601 4120 fuerunt
621 4055 776 4120 omnibus
796 4052 969 4118 Ausonum
998 4053 1148 4139 populis,
1181 4053 1386 4142 Pelasgicam
1407 4050 1617 4119 Graecorum
1642 4052 1797 4120 redolere
1818 4058 1996 4147 originem,

250 4180 356 4267 magis
378 4178 481 4241 etism
502 4172 689 4259 apparebit,
718 4192 820 4258 quom
843 4171 928 4236 mihi
949 4174 1059 4236 otium
1078 4174 1195 4253 luerit,
1223 4170 1478 4238 vocabularium
1499 4171 1706 4237 Ausonicum
1735 4194 1813 4239 cum
1832 4197 1998 4266 grammu-

250 4301 317 4364 tica
337 4293 499 4360 Umbrica
520 4289 728 4357 elaborandi.
769 4290 840 4355 Hic
861 4311 968 4358 nuum
990 4291 1181 4379 exemplum
1202 4293 1237 4355 in
1258 4290 1408 4356 madium
1428 4292 1609 4378 protulisse
1629 4294 1787 4375 sufficiat,
1809 4293 1900 4360 unde
1920 4297 1997 4362 lnce

248 4417 376 4484 clarinus
396 4412 571 4491 elucescit,
602 4420 765 4493 quatenns
790 4413 944 4476 omniurn
971 4413 1180 4499 populorum
1207 4410 1324 4476 Italiae
1352 4432 1395 4475 ex
1414 4411 1586 4477 Ausonum
1607 4422 1706 4501 gente
1725 4413 1862 4501 linguas
1883 4417 1997 4500 prisco

250 4533 458 4598 Graecorum
478 4531 629 4593 sermoni
655 4528 713 4594 val
739 4530 867 4593 similas
893 4533 1023 4596 fuerint
1043 4532 1100 4597 vel
1122 4509 1318 4595 dissimiles.
1361 4530 1523 4613 Quamvis
1549 4529 1681 4597 diversa
1711 4530 1891 4596 videantur
1911 4533 1997 4597 Osca

251 4651 356 4717 varba
375 4646 674 4733 acceptationes
694 4650 792 4730 sepis,
803 4647 965 4713 Umbrica
983 4670 1040 4715 sne
1058 4653 1114 4734 pis
1134 4653 1207 4715 sive
1227 4654 1330 4734 eopir‚
1350 4650 1476 4715 Latina
1495 4653 1544 4717 ses·
1553 4654 1637 4736 quis,
1659 4671 1680 4715 a
1700 4647 1839 4714 Graecis
1860 4641 1903 4714 εἴ
1917 4671 1995 4735 τις,

251 4788 350 4838 nemo
370 4777 483 4833 tamen
505 4766 673 4832 Germana
692 4787 731 4831 so
749 4787 814 4833 scer
842 4765 1001 4847 (Gothico
1022 4791 1089 4835 etos
1108 4769 1210 4852 bons)
1237 4790 1301 4856 pro
1328 4790 1418 4835 nens
1437 4771 1572 4854 jemand
1597 4768 1754 4849 (Gothico
1778 4766 1874 4849 jabai
1893 4767 1996 4851 dors)

252 4888 308 4954 rsl
327 4886 396 4951 alia
405 4884 631 4950 Sanscriticae
650 4887 768 4972 stirpis
787 4888 954 4953 vocabula
973 4889 1141 4954 similiora
1159 4891 1294 4976 putabit
1312 4892 1514 4974 antiquitus:
1536 4892 1607 4955 imo
1628 4908 1732 4975 quum
1752 4890 1901 4953 rationes
1920 4908 1998 4977 pes·

250 5007 411 5093 spexsrit,
433 5003 554 5088 quibus
574 5014 749 5072 mutentur
769 5005 904 5086 literas,
927 5021 995 5076 tam
1005 5010 1151 5076 Graecas
1172 5009 1356 5095 particulas
1376 5005 1414 5077 ἐι
1433 5021 1468 5077 et
1487 5004 1571 5098 dvc„
1585 5027 1686 5093 quam
1705 5007 1847 5072 Latinas
1867 5018 1911 5086 et,
1932 5012 1995 5090 itu,

253 5145 295 5194 ex
316 5125 455 5210 antiquo
477 5124 674 5208 pronomina
694 5128 737 5204 is,
769 5127 1049 5214 quemadmodum
1075 5131 1235 5194 Latinam
1260 5133 1313 5195 sic
1339 5148 1381 5194 ex
1402 5130 1488 5195 Osca
1513 5131 1578 5197 iric
1597 5130 1670 5194 sive
1689 5130 1802 5208 doeio,
1834 5125 1995 5193 Umbrica

1503 5299 1524 5360 7
