4675 6000
1093 828 1337 893 ..20-

381 1000 439 1069 Pr.
461 1017 538 1065 sene
554 993 746 1079 praefocas,
765 992 836 1077 ped
851 1001 930 1077 post
948 1010 1029 1057 enoc
1047 990 1195 1059 Benene·
1206 991 1291 1073 fast,

380 1115 778 1203 Pomosipraetsxuerit,
790 1111 880 1198 quod
892 1110 1030 1197 posthac
1043 1111 1185 1176 Bantiee
1192 1110 1308 1188 inerit,

379 1258 457 1305 evoe
480 1238 536 1320 pis
563 1254 607 1318 op
627 1235 727 1300 simis
747 1250 814 1296 eom
834 1229 1032 1296 strudiocsd
1227 1247 1317 1294 ocem
1337 1226 1456 1311 inest,

381 1359 413 1424 ai
475 1355 607 1443 qnisob
628 1352 712 1417 haec
738 1370 817 1414 cum
832 1346 1049 1415 cummeneo
1058 1343 1329 1437 (homine)egere
1341 1348 1447 1429 volet,

383 1477 454 1542 uoti
499 1493 564 1558 pre
594 1471 779 1537 medicatori
806 1470 1048 1552 mesaspus·
1068 1470 1223 1535 amnne
1243 1485 1416 1553 agnuam,

381 1605 482 1678 atque
501 1610 566 1679 pro
586 1598 800 1685 compensato
820 1589 1029 1673 mancipium
1090 1565 1183 1651 idem
1244 1588 1436 1670 exquirere,

380 1732 443 1795 pus
484 1713 634 1777 exumcen
655 1709 736 1793 ligia
755 1708 896 1789 scsifteo
915 1717 979 1788 set,
999 1726 1061 1788 sep
1081 1705 1146 1772 diat
1162 1704 1325 1789 pmltipt'd
1342 1705 1423 1770 meis
1567 1702 1703 1772 zitolot's
1723 1704 1771 1772 X.
1792 1707 1952 1774 notans.

382 1833 479 1914 cnjus
499 1849 544 1894 cn
560 1828 634 1892 istis
656 1827 742 1923 leg-is
761 1828 910 1911 scriptae
930 1827 987 1904 sit,
1009 1841 1161 1888 neceum
1171 1833 1304 1909 repetat
1325 1819 1712 1910 magis(qnnm)iudiciis
1732 1820 1776 1887 X
1796 1826 2009 1893 continuatis.

382 1948 471 2018 siae
488 1950 542 2032 pis
563 1947 704 2011 contrad
722 1946 813 2012 esaie
827 1918 1018 2028 pmlipne't,
1038 1940 1138 2005 molto
1158 1943 1269 2006 etauio
1290 1940 1387 2003 ested
1404 1957 1437 2005 s.
1462 1944 1505 2011 ω,

255 2054 259 2064 ’
380 2066 421 2132 Si
461 2068 538 2152 quis
557 2074 677 2130 contra
696 2065 809 2128 inisto
830 2061 1022 2145 repetierit,
1042 2059 1150 2118 mules
1171 2059 1259 2133 justa
1290 2064 1362 2119 esto
1393 2075 1427 2123 n.
1448 2054 1498 2121 Μ.

382 2188 418 2254 is
437 2205 515 2251 sons
532 2186 588 2264 pis
609 2184 685 2247 ione
755 2177 876 2243 meddin
945 2172 1098 2238 actaeon
1116 2170 1237 2252 terat,
1259 2171 1398 2238 licitod=

383 2312 419 2367 et
458 2302 490 2363 si
519 2301 597 2382 quis
615 2316 693 2361 eum
717 2297 933 2384 magistratus
953 2292 1101 2357 multare
1120 2291 1226 2369 volet,
1257 2291 1381 2355 liceto:

381 2428 505 2503 προτί
545 2416 686 2483 mistress
727 2413 825 2478 alteia
845 2414 954 2478 atoue
983 2410 1102 2475 uoltus
1130 2405 1281 2471 molturam
1302 2403 1428 2469 ticitsd.

380 2534 718 2621 unacnnmngistris
738 2530 819 2595 altis
838 2528 966 2592 aerarii
985 2526 1115 2589 multae
1134 2522 1283 2587 multare
1303 2521 1416 2585 liceto.

620 2734 741 2823 Pars
770 2729 845 2820 II.
909 2725 1099 2847 Capuae
1127 2723 1460 2846 Messonoeque
1487 2730 1817 2849 assumsisset

508 2887 537 2951 Ε
558 2883 675 2969 Capua
695 2889 731 2944 et
750 2879 1063 2961 Messanapraeter
1082 2875 1364 2960 nummos‚²·quos,
1379 2876 1464 2957 quia
1484 2878 1565 2940 satis
1585 2881 1768 2964 seticum,
1788 2883 1926 2953 silentio
1945 2901 2095 2974 praeter-

346 3008 472 3092 eundos
497 3021 629 3081 censeo,
662 2999 810 3090 singulas
834 2993 936 3060 modo
964 2996 1204 3079 inscriptiones
1225 2995 1408 3079 quinorum
1427 3014 1589 3061 versuum
1609 2996 1767 3064 brevium
1793 3015 1827 3069 et
1855 3005 2004 3088 ejusdem
2024 3013 2096 3075 iere

345 3124 537 3217 argumenti
557 3120 729 3199 habemns,
755 3135 898 3202 quarum
916 3114 1026 3178 altera
1046 3115 1163 3193 Oscis*
1177 3113 1287 3177 altera
1308 3112 1448 3178 Graecis
1467 3115 1578 3178 literis
1599 3129 1736 3182 murata
1755 3130 1814 3188 est
1858 3122 1958 3188 Oscos
1978 3125 2096 3192 literas

346 3250 438 3314 inter
457 3240 634 3329 alphabeta
650 3232 819 3300 'secundae
838 3232 975 3298 tabulae
995 3233 1173 3295 recensui:
1194 3241 1335 3315 propter.
1355 3231 1469 3296 varias
1490 3239 1602 3295 tamen
1623 3254 1738 3303 causas
1758 3257 1826 3306 non
1847 3242 1897 3308 ita
1915 3244 2026 3310 tacius
2046 3258 2096 3311 est

346 3365 522 3447 utriunque
542 3355 773 3444 inscriptionis
792 3349 1040 3445 interpretatio.
1095 3377 1098 3384 ⁴
1219 3405 1223 3414 ,
1606 3371 1610 3378 ’

606 3631 611 3639 -
640 3619 658 3634 ··
753 3577 793 3655 1·.
825 3572 1047 3682 ;οαηιραηα
1069 3573 1318 3681 inermies
1342 3571 1492 3682 capso
1543 3579 1637 3660 Τὼ.
1663 3580 1711 3657 t·

513 3712 684 3798 Campana
703 3711 881 3797 inscriptio
902 3729 965 3797 per
985 3728 1101 3773 omues
1120 3730 1240 3776 versus
1260 3706 1344 3774 adso
1364 3711 1521 3778 mutilata
1541 3722 1601 3792 est,
1631 3722 1671 3777 nt
1690 3710 1769 3778 inde
1789 3733 1920 3782 summa
1941 3729 2098 3786 meatur

349 3829 596 3920 interpretandi
615 3829 818 3896 difficultas:
840 3833 975 3918 integra
1002 3839 1114 3898 tanen
1141 3830 1182 3894 fit
1208 3831 1384 3910 sententia,
1414 3830 1445 3892 si
1470 3848 1537 3894 eae·
1555 3830 1774 3917 suppleantur
1794 3834 1925 3916 literae,
1958 3858 2040 3921 qnae
2060 3841 2099 3903 in

348 3953 466 4020 nbula
485 3950 512 4013 1.
536 3952 671 4040 punctis
689 3951 815 4016 nowvi.
856 3949 996 4014 Praeter
1014 3949 1129 4013 literas
1149 3947 1282 4033 aliquot
1310 3951 1347 4011 in
1367 3948 1478 4014 tribus
1497 3951 1655 4014 extremis
1675 3951 1829 4018 versibus
1843 3950 1941 4020 deso
1961 3954 2098 4040 quidem

350 4072 427 4135 finis
448 4070 553 4155 primi
573 4066 776 4153 secundique
796 4086 934 4148 versus;
954 4070 985 4131 is
1004 4086 1089 4132 vero
1109 4070 1227 4154 paucis
1246 4067 1356 4132 literis
1376 4066 1563 4155 suppletur,
1583 4071 1614 4132 si
1633 4068 1723 4132 nihil
1744 4068 1892 4136 deestis
1912 4072 1981 4138 fine
2001 4077 2099 4142 tertii

351 4189 507 4276 quantive
537 4206 664 4253 versus.
717 4188 789 4251 Etsi
814 4189 937 4268 tertius
962 4205 1080 4252 versus
1099 4206 1167 4251 non
1189 4184 1362 4250 clauditur
1381 4188 1526 4270 punctis,
1556 4188 1678 4271 quibus
1697 4190 1833 4280 singula
1852 4191 1958 4257 verba
1978 4191 2098 4261 disfin·

349 4307 539 4399 quisolent,
548 4306 614 4372 hoc
623 4316 735 4371 tamen
742 4315 923 4392 propterea
932 4302 1101 4369 offendere
1112 4308 1240 4391 nequit,
1251 4303 1339 4392 qnod
1348 4303 1464 4370 eadem
1471 4304 1828 4393 desuntpostprimum
1837 4308 2100 4378 secundiversus

350 4446 472 4491 nomen
491 4423 668 4509 μεὸόισς
690 4445 785 4489 more
805 4426 908 4489 solito
929 4427 967 4487 in
986 4423 1061 4506 μεδ.
1084 4424 1332 4490 abbreviatum:
1354 4422 1444 4489 unde
1463 4426 1500 4488 in
1521 4405 1673 4494 extremo
1691 4447 1831 4514 quoque
1845 4448 1947 4496 versu
1967 4447 2100 4498 saeos.

349 4568 426 4629 μας
447 4565 511 4632 pro
532 4563 675 4627 νεσσιμα
695 4543 799 4623 σ(επ)
820 4545 984 4630 scriptum
1004 4554 1098 4628 puto,
1120 4543 1212 4628 quod
1230 4542 1273 4608 ad
1294 4562 1403 4632 σακρα
1423 4545 1605 4610 referatur.

516 4662 600 4729 Ean
620 4661 674 4744 {sie
693 4663 876 4751 significan
903 4660 1087 4729 secundum
1106 4663 1250 4730 verbnm
1275 4664 1507 4749 inscriptionis
1526 4683 1612 4734 vero
1631 4662 1798 4752 spensti
1816 4660 1998 4752 legendum
2018 4685 2099 4748 esse,

351 4780 431 4846 inde
451 4785 617 4866 suspicor,
640 4779 731 4866 quod
751 4802 910 4858 numerus
931 4782 982 4845 111
1002 4793 1079 4869 post
1097 4803 1171 4872 spsq
1190 4785 1319 4869 pariter
1339 4780 1505 4867 displicet,
1537 4792 1637 4865 atque
1657 4782 1784 4864 triplex
1805 4779 1953 4864 ejusdem
1971 4785 2099 4850 vocalis

349 4902 555 4988 impetitio,
583 4900 747 4989 speossd
772 4912 885 4966 autem
910 4901 1052 4968 verbnm
1079 4911 1141 4982 est,
1169 4901 1260 4986 qnod
1288 4911 1463 4967 couthns
1490 4919 1568 4963 cum
1593 4898 1736 4982 reliquis
1762 4902 1881 4986 poscit.
1930 4901 2098 4985 Quoniam

350 5019 430 5085 inde
458 5021 667 5086 aecusativus
694 5041 829 5112 σακρα
848 5026 923 5091 vnit.
946 5019 1122 5108 dependet,
1154 5022 1298 5087 verbum
1324 5018 1416 5084 istud
1439 5037 1501 5105 per
1526 5017 1726 5086 metathesin
1754 5039 1796 5086 ex
1816 5020 1979 5087 Umbrico
2005 5023 2097 5090 <tirso

349 5142 509 5225 predico
528 5150 645 5206 natum
665 5141 825 5222 conjicio,
857 5138 947 5205 unde
967 5150 1035 5206 tam
1056 5142 1278 5226 imperativus
1298 5139 1407 5207 etrite
1425 5158 1528 5224 quam
1547 5140 1767 5226 participium
1787 5141 1999 5217 dirso(e)s'in
2020 5141 2097 5232 lqu-
2189 5161 2192 5178 ¹

2198 5229 2206 5270 t

2200 5287 2208 5323 l

2208 5367 2241 5444 Xl

1953 5504 1989 5528 κ
2234 5499 2286 5596 χι.
