4675 6000
1107 794 1359 859 ..46-

355 939 618 1028 trecentiens
633 958 761 1043 scripta
782 964 844 1036 est,
866 954 958 1021 ultra
968 953 1159 1022 Tuscorum
1168 954 1253 1020 olim
1264 954 1401 1040 imperii
1411 953 1540 1019 finesin
1552 948 1733 1040 Campania
1744 952 1959 1040 pertinuisse,
1981 956 2112 1019 nummi

358 1079 538 1147 Samnitici
558 1085 736 1157 testantur,
759 1076 854 1139 Oscis
875 1075 986 1139 literis
1006 1076 1174 1160 inscripti.
1201 1073 1281 1139 Non
1302 1092 1417 1141 omnes
1438 1072 1571 1159 quidem
1591 1076 1733 1155 nummi,
1756 1070 1899 1160 quornm
1919 1075 2114 1158 inscriptio·

274 1250 281 1259 .
357 1219 416 1265 nas
436 1198 543 1264 Otene
563 1205 738 1287 putantur,
772 1194 872 1259 Oscae
893 1212 1026 1279 quoqne
1046 1194 1163 1259 literas
1186 1193 1356 1274 exhibent,
1389 1192 1447 1257 sed
1468 1203 1579 1259 tamen
1601 1188 1737 1281 praeter
1756 1213 1912 1259 nummos
1931 1192 2025 1260 bello
2045 1192 2112 1261 tn·
2144 1272 2155 1297 ὁ

356 1321 428 1385 iioo
449 1316 592 1380 Corfinii
614 1332 710 1379 cusos
731 1313 787 1376 illi
808 1331 949 1397 qnoque,
982 1315 1019 1375 in
1040 1314 1160 1397 quibus
1188 1286 1325 1407 Γῷιίιια
1345 1308 1449 1380 Aderl
1469 1314 1542 1378 sive
1561 1311 1677 1380 Aderat
1706 1311 1851 1394 (Atellae
1871 1315 1908 1376 in
1930 1308 2112 1397 Campania

358 1428 413 1503 vat
433 1432 556 1502 Aterni
575 1432 618 1497 ad
638 1434 735 1496 fluvii
757 1431 876 1495 Aterni
898 1430 1010 1512 ostia),
1030 1412 1193 1498 Frentrad
1213 1426 1485 1515 (Frentanornm),
1506 1429 1951 1518 Abndnnniodtnqsiloniae
1971 1428 2112 1499 insin

357 1553 432 1636 nio)
453 1558 621 1644 teguntur.
672 1552 743 1621 Veis
773 1561 887 1615 autem
918 1551 1040 1616 literae
1071 1554 1108 1617 in
1141 1555 1289 1617 nummis
1322 1552 1520 1618 Posidonius
1552 1556 1624 1620 sive
1654 1552 1765 1617 Paesti
1797 1555 1834 1617 in
1857 1552 2011 1616 Lucania
2031 1567 2112 1617 vere

357 1672 509 1743 Graecae
527 1681 618 1749 sunt,
650 1673 693 1736 iis
712 1671 855 1750 similes,
888 1670 1009 1755 quibus
1029 1681 1158 1739 tessera
1176 1672 1354 1759 hospitalis
1383 1693 1486 1759 snpra
1505 1671 1640 1741 laudata
1662 1672 1833 1758 jpscnpta
1860 1680 1921 1750 eat,
1952 1678 1987 1735 et
2014 1669 2113 1754 plane

357 1791 510 1857 diversas
529 1810 551 1854 a
570 1791 708 1854 nomine
728 1789 869 1856 Fistnlss
889 1791 926 1852 in
947 1793 1093 1853 nummis
1113 1792 1263 1856 incertis.
1306 1793 1407 1857 tacet
1427 1795 1534 1881 igitur
1554 1791 1676 1855 literae
1697 1810 1718 1853 a
1739 1787 1858 1853 dextra
1879 1785 1921 1852 ad
1941 1789 2112 1851 sinistram

357 1912 504 1994 scriptae
531 1911 615 1989 sint,
648 1928 716 1977 non
745 1919 856 1973 tamen
883 1905 1039 1983 Graecae
1064 1911 1229 1973 Oscorum
1261 1929 1383 1975 vocum
1410 1912 1649 1997 inscriptiones
1678 1910 1785 1976 Oscae
1816 1908 1932 1973 statim
1951 1903 2113 1971 dicendae

355 2037 450 2106 sunt,
484 2027 592 2091 mnlto
622 2030 733 2094 minus
760 2028 915 2107 Latinae,
945 2028 1122 2093 asinietra
1143 2025 1187 2091 ad
1207 2024 1362 2094 dextram
1384 2029 1556 2110 exaratnef,
1579 2047 1722 2113 quarum
1743 2030 1779 2093 in
1799 2028 1946 2091 nummis
1967 2026 2114 2089 maxima

357 2157 408 2212 est
428 2149 536 2230 copia.

878 2365 914 2440 2.
966 2364 1028 2441 De
1054 2365 1251 2443 literanum
1271 2366 1594 2469 pronuntiatione.

523 2500 629 2563 Oscae
650 2498 771 2563 literae
792 2499 866 2562 sino
895 2495 999 2560 dubio
1021 2499 1209 2580 antiquitus
1236 2496 1355 2561 eodem
1382 2493 1484 2561 modo
1512 2477 1831 2579 pronuntiabantur,
1865 2513 1932 2579 quo
1959 2496 2114 2575 Latinae,

268 2695 277 2705 a
341 2608 477 2703 'quibus
499 2619 536 2679 in
557 2615 674 2679 tabula
695 2622 814 2677 nostra
835 2610 1055 2696 respondent3
1085 2614 1159 2676 sola
1188 2614 1415 2678 Romanorum
1443 2623 1599 2678 veterum
1623 2614 1808 2691 rusticitas,
1841 2632 1907 2697 qua
1936 2613 2116 2679 literarum

358 2735 443 2800 Get
463 2735 488 2795 F
509 2731 743 2818 pronuntiatio
765 2731 814 2793 sic
835 2730 1014 2813 paullatim
1023 2738 1165 2821 ‘mutata
1186 2740 1247 2811 ast,
1277 2741 1316 2795 ut
1329 2744 1331 2747 ·
1344 2731 1523 2795 literarum
1550 2754 1571 2794 a
1593 2718 1675 2818 etp
1704 2731 1819 2795 locum
1844 2731 1999 2796 obtinere
2020 2731 2115 2797 vide-

357 2863 490 2930 rentur,
519 2848 645 2926 effecit,
675 2854 715 2908 ut
734 2845 798 2911 hae
819 2844 906 2910 duae
926 2845 1048 2909 literae
1069 2848 1172 2912 alitor
1192 2846 1282 2933 apud
1304 2849 1420 2931 Oscos,
1449 2848 1659 2914 Graecorum
1687 2868 1818 2913 morem
1839 2859 1983 2930 secutos,
2016 2851 2117 2917 alitor

258 2954 260 2959 ’
357 2968 448 3058 apud
474 2942 641 3034 Romanos
670 2964 832 3028 sonarint
875 2963 970 3027 Hinc
1001 2965 1079 3029 Osci
1108 2977 1343 3033 consonantem
1365 2967 1400 3033 V
1421 2989 1443 3034 a
1469 2968 1584 3035 vocali
1612 2967 1731 3042 simili,
1763 2987 1844 3051 quaa
1875 2967 2018 3034 Romani
2047 2990 2116 3035 una

287 3125 289 3129 Α
358 3087 538 3172 eademque
558 3085 660 3148 litera
680 3081 830 3149 scribere
851 3081 1012 3162 solebant,
1034 3085 1309 3166 sioeemparfere
1328 3085 1566 3166 distinxerunt,
1587 3095 1626 3151 ot
1646 3086 1703 3153 nF
1719 3105 1783 3170 pro
1805 3107 1848 3171 qn
1869 3097 1905 3152 et
1926 3089 1985 3154 oF
2001 3103 2064 3174 pro
2076 3109 2117 3154 sat

359 3216 436 3274 ants
457 3181 606 3271 vocalem
628 3202 839 3287 scripserint,
872 3199 1150 3285 quemadmodum
1171 3223 1216 3280 κς
1245 3222 1309 3288 pro
1331 3205 1500 3268 seriorum
1524 3205 1727 3268 Latinorum
1747 3225 1782 3269 x.
1825 3204 1972 3270 Vocales
1998 3218 2117 3290 sonim

360 3349 380 3393 ο
401 3337 437 3392 ot
456 3344 490 3405 tt,
513 3341 593 3408 quas
614 3321 757 3386 Romani
779 3295 845 3400 jam
867 3321 1099 3402 antiquissima
1119 3330 1229 3385 aetate
1250 3319 1395 3385 diversis
1415 3321 1527 3386 literis
1548 3321 1750 3412 scribebant,
1782 3322 1862 3390 Osci
1882 3344 1959 3390 sero
1981 3324 2115 3392 demum

359 3446 416 3513 vel
437 3453 563 3531 puncto
583 3440 640 3507 vel
660 3439 787 3503 lineola
808 3431 1001 3502 transversa
1021 3457 1124 3523 supra
1145 3440 1312 3525 impositis
1333 3439 1542 3530 distinguere
1562 3431 1759 3527 coeperunt,
1781 3440 1871 3506 unde
1893 3445 1994 3509 etiam
2015 3462 2117 3510 voca⁴

359 3568 427 3631 lem
448 3565 463 3629 i
483 3582 502 3625 a
524 3566 727 3624 consonante
742 3559 774 3637 j,
796 3575 877 3637 quas
898 3554 1040 3620 Romani
1061 3578 1232 3641 nunquam
1253 3556 1494 3639 distinxerunt,
1522 3560 1629 3624 simili
1649 3560 1776 3626 lineola
1795 3572 1989 3628 transversa
2008 3564 2115 3627 uariis
2143 3639 2148 3650 ι
2192 3567 2196 3574 ’

360 3679 469 3762 modis
489 3678 641 3763 apposita
662 3672 1048 3747 discreviesavidentnr.
1090 3676 1297 3741 literamZ
1326 3678 1406 3742 Osci
1431 3697 1498 3742 non
1526 3682 1634 3768 magis
1660 3699 1805 3764 unquam
1835 3684 1873 3743 in
1899 3679 2114 3748 literaturam

360 3820 454 3866 suam
476 3803 690 3881 receperunt,
713 3812 811 3878 quam
834 3793 970 3860 literam
991 3791 1046 3875 X;
1075 3813 1115 3860 ea
1135 3798 1237 3878 enim,
1267 3818 1366 3883 quam
1387 3798 1531 3882 Lepsius
1552 3797 1595 3863 de
1615 3799 1739 3864 tabulis
1758 3798 1945 3886 Engubinia
1965 3820 2040 3889 pag.
2062 3801 2112 3867 ll·
2198 3813 2204 3826 ’

362 3928 432 3983 not.
454 3918 529 3983 203.
552 3909 783 3997 accipiendam
803 3914 956 3998 putavit,
987 3934 1056 3979 non
1084 3913 1201 3980 differt
1229 3916 1269 3980 ab
1297 3918 1440 3983 siitcra
1460 3919 1566 3983 variis
1585 3916 1695 3982 modis
1720 3919 1919 4003 perscripta.
1962 3918 2114 3986 niteram

358 4036 391 4101 Y
410 4031 545 4119 qnidam
566 4050 630 4117 pro
650 4050 673 4096 n
694 4029 889 4117 usurpatam
903 4034 946 4097 'in
966 4033 1129 4100 Aballana
1148 4036 1264 4100 tabula
1291 4035 1457 4116 vidimus,
1493 4056 1566 4101 cam
1593 4047 1705 4102 tamen
1732 4055 1801 4114 npn
1822 4046 2008 4124 agnoscunt
2028 4035 2115 4102 aliae

362 4156 529 4219 Oscorum
550 4151 800 4238 inscriptiones.
843 4151 997 4217 Litanam
1019 4175 1047 4242 φ
1067 4173 1136 4219 non
1157 4152 1367 4220 Graecorum
1387 4147 1494 4235 snos-b,
1514 4155 1574 4223 sed
1594 4157 1684 4221 sicut
1703 4155 1906 4220 Latinorum
1926 4153 1950 4236 f
1966 4175 2115 4241 pronun·

362 4269 513 4338 tiandam
542 4289 624 4351 asse,
652 4268 732 4334 inde
760 4270 982 4358 intelligitur,
1013 4272 1104 4358 qnod
1125 4286 1261 4360 practer
1281 4274 1304 4340 b
1322 4275 1432 4340 nullas
1453 4277 1618 4361 aspiratus
1638 4272 1804 4339 habereut
1827 4272 1918 4354 Osci,
1944 4292 2009 4357 pro
2029 4275 2058 4339 a
2077 4272 2116 4336 in

362 4389 555 4457 nominibus
578 4387 756 4455 tlaeevron
778 4399 813 4454 et
834 4389 1008 4470 thesoorei,
1030 4413 1115 4477 qnae
1136 4396 1173 4458 in
1193 4394 1354 4460 Abellana
1375 4394 1490 4460 tabula
1510 4394 1684 4482 leguntur,
1711 4392 1940 4460 Romanorum
1960 4408 2055 4454 more
2079 4392 2115 4455 tb

363 4483 558 4590 scribentes,
591 4525 698 4593 neque
725 4510 832 4598 magis
860 4530 1008 4595 unquam
1036 4512 1057 4577 b
1084 4532 1147 4597 pro
1166 4493 1209 4601 ⁹92,
1241 4533 1341 4600 wem
1362 4537 1389 4604 φ
1410 4513 1517 4599 prob
1544 4522 1723 4599 ponentes:
1766 4512 1825 4578 ubi
1846 4510 1936 4574 enim
1957 4507 1979 4573 b
2000 4528 2115 4598 prop

235 4655 240 4664 ·
363 4630 490 4714 scripta
509 4624 659 4709 videtur,
682 4647 782 4693 error
802 4633 853 4694 est
872 4631 927 4696 vel
949 4629 1110 4717 lapidarii
1130 4633 1187 4699 vel
1208 4633 1460 4723 chalcographi

781 4834 903 4928 Pare
937 4836 1051 4930 VII.
1116 4838 1226 4928 Osci
1251 4842 1464 4934 sermonis
1491 4837 1678 4929 indoles.

413 4977 417 4982 ’
529 4983 631 5050 Licet
650 4983 754 5051 Oscae
775 4985 912 5075 linguae
933 4985 1125 5054 rudimenta
1144 4990 1296 5070 nonnis,
1326 4997 1366 5053 ut
1385 4985 1576 5067 Umbricac,
1607 4987 1642 5050 in
1664 4984 1853 5069 systematis
1873 4984 2017 5050 sormam
2037 5002 2115 5071 poe·

365 5104 433 5172 sint
453 5097 578 5192 τὴςΐ,
606 5106 687 5190 quia
705 5109 818 5190 major
838 5104 974 5190 quidem
995 5117 1048 5174 eet
1068 5108 1329 5193 inscriptionum
1349 5104 1546 5187 multitudo,
1574 5105 1714 5172 brevior
1734 5122 1819 5174 tero
1840 5101 2022 5169 arandam
2042 5121 2116 5168 ans·

619 5259 639 5340 i
