4675 6000
218 1126 338 1219 Pare
375 1123 424 1216 V.
489 1121 655 1214 Saum
685 1116 951 1210 Atellanam
980 1117 1045 1206 ad
1071 1115 1195 1230 filsea
1223 1122 1329 1237 cyri
1353 1122 1472 1207 inter
1502 1095 1701 1212 Abellam
1720 1118 1969 1246 Nolamque

741 1271 961 1391 rependas
982 1276 1190 1389 pesitum.
1250 1268 1357 1360 Tab.
1388 1269 1452 1360 Π.

383 1442 546 1528 Superest
564 1441 638 1504 sari
658 1438 817 1504 Abellani
837 1438 1027 1523 inscriptio,
1056 1456 1167 1522 guam,
1191 1456 1296 1521 quum
1316 1454 1399 1501 cura
1419 1435 1519 1501 Gorii
1546 1436 1728 1524 prodiisset
1749 1442 1786 1504 in
1806 1442 1970 1527 symbolis

220 1565 291 1644 eins
312 1563 490 1642 litorariis,
517 1560 550 1627 J.
571 1560 609 1625 B.
632 1558 804 1622 Passerius
825 1574 995 1643 exponere
1015 1566 1155 1620 conatus
1176 1557 1284 1619 estin
1305 1554 1484 1621 Memoriis
1504 1559 1620 1622 variae
1641 1557 1844 1626 eruditionis
1865 1565 1972 1628 socie·

219 1683 299 1747 tatia
320 1678 558 1746 Columbariaa
577 1677 792 1743 Florentinae
805 1677 887 1743 Vol.
900 1676 958 1757 ll.,
978 1671 1070 1740 unde
1090 1685 1225 1739 nostrae
1246 1674 1382 1739 tabulae
1402 1673 1489 1739 duae
1508 1678 1651 1766 paginae
1672 1676 1861 1766 descriptae
1881 1691 1969 1748 sunt

219 1797 385 1885 Lapidem
409 1797 494 1861 olim
514 1796 721 1861 collocatum
739 1797 844 1860 inisse
865 1792 908 1860 ad
928 1797 1010 1860 lines
1032 1796 1109 1884 agri
1129 1794 1289 1860 Abellani
1310 1792 1505 1880 Nolanique
1529 1794 1693 1884 regendos
1713 1796 1781 1877 jam
1801 1797 1973 1865 Passerius

219 1916 323 1999 sidtu
344 1918 543 2004 priusquam
563 1934 647 1982 vero
658 1924 893 2005 argumentum
913 1917 1092 1998 utriusque
1103 1915 1257 2002 paginae,
1280 1932 1422 1997 quarum
1443 1916 1542 2000 prior
1554 1917 1608 1995 32,
1630 1917 1852 2000 posterior25
1872 1914 1973 1983 valde

219 2036 387 2102 mutilatis
414 2037 568 2102 versibus
590 2044 732 2114 constat,
754 2054 817 2121 per
828 2034 960 2122 singula
980 2032 1086 2098 rerba
1097 2033 1270 2096 illustrare
1292 2050 1465 2112 conemur,
1487 2030 1529 2096 de
1550 2035 1715 2098 sermonis
1736 2032 1852 2099 indole
1871 2045 1974 2121 atque

219 2152 398 2221 literarum
418 2174 483 2219 usu
502 2150 665 2238 quaedam
685 2170 907 2237 praemonere
926 2151 1039 2216 liceat.

386 2268 505 2334 Abella
527 2269 665 2354 quidem
685 2276 719 2332 et
740 2267 832 2333 Nola
859 2265 994 2353 oppida,
1027 2264 1068 2331 de
1089 2282 1234 2351 quorum
1254 2264 1375 2339 inflans
1403 2269 1476 2354 agit
1495 2269 1687 2355 inscriptio,
1717 2272 1849 2357 pariter
1876 2283 1975 2359 atque

219 2387 455 2455 Hsrcnlannm
475 2398 511 2455 et
530 2388 682 2473 Pompeii
703 2390 739 2450 in
761 2382 944 2469 Campania
964 2382 1101 2446 condita
1121 2381 1262 2444 suntab
1283 2381 1491 2466 Ausonibus3
1522 2385 1581 2450 sed
1607 2398 1784 2472 postquam
1805 2388 1911 2455 Tusci
1941 2401 1976 2458 et

220 2506 456 2573 Chalcidenses
477 2526 496 2568 e
518 2503 663 2568 Graecia
690 2503 764 2566 loca
783 2499 842 2565 illa
862 2496 1089 2585 possederant,
1121 2495 1327 2562 Samnitium
1347 2501 1456 2587 magis
1477 2521 1577 2583 qnam
1598 2502 1848 2590 Campanorum
1868 2509 1978 2575 socie·

219 2635 325 2692 tatem
345 2623 528 2689 coluerunt
548 2619 693 2688 incolae.
726 2618 819 2682 Hinc
839 2617 977 2682 tabulae
996 2625 1132 2681 nostrae
1153 2613 1315 2681 dialectns
1336 2618 1372 2679 ln
1394 2618 1567 2683 nonnullis
1581 2619 1725 2688 Sabinae
1745 2627 1853 2715 magis
1874 2647 1977 2712 qnam

219 2744 389 2810 Romanae
409 2744 547 2832 linguae
567 2739 690 2803 similis
720 2756 790 2801 esse
809 2734 969 2801 videtur:
1012 2732 1130 2798 Sabini
1158 2745 1251 2799 certe
1270 2735 1294 2817 f
1310 2734 1448 2799 literam
1475 2748 1643 2820 amarunt,
1675 2761 1760 2823 qnae
1792 2746 1829 2807 in
1860 2756 1978 2812 nostra

217 2863 334 2930 tabula
353 2863 486 2949 saepius
507 2878 606 2947 quam
625 2858 650 2923 d
667 2858 770 2921 litera
790 2854 948 2920 ablativis
967 2849 1115 2920 additur.
1158 2852 1200 2915 ln
1230 2853 1403 2917 nonnullis
1431 2862 1544 2920 umen
1576 2856 1769 2925 Tuscorum
1797 2864 1851 2927 vis
1872 2883 1976 2953 agno·

220 2983 340 3063 scitur,
371 2989 472 3066 atque
492 2974 767 3042 Chalcidensium
792 2973 945 3058 potentia
972 2972 1101 3035 inillis
1129 2971 1272 3036 urbibus
1291 2981 1385 3037 tanta
1404 2974 1484 3055 fuit,
1516 2984 1556 3040 nt
1584 2972 1738 3043 Iustinus
1767 2975 1847 3064 XX,
1860 2985 1891 3050 l.
1922 3004 1978 3050 aas

222 3100 496 3172 Chalcidensium
518 3100 668 3166 colonias
689 3096 825 3164 dixerit.
868 3088 1156 3178 Quemadmodum
1185 3091 1294 3179 igitur
1318 3093 1482 3157 nonnulla
1512 3095 1680 3160 vocabula
1706 3095 1871 3166 Graecam
1897 3122 1978 3189 pro·

222 3220 308 3289 dunt
328 3224 507 3312 originem,
530 3222 581 3283 sic
600 3217 720 3283 Tuscis
741 3218 883 3280 fortasse
905 3210 1049 3277 debetur
1068 3211 1227 3294 frequens
1247 3231 1327 3275 usus
1347 3213 1524 3275 nominum
1544 3216 1580 3276 in
1602 3215 1843 3288 lexeuntium.
1886 3215 1980 3289 Scri·

221 3351 324 3430 ptura
343 3337 491 3426 quidem,
513 3339 602 3403 sicut
621 3335 659 3399 in
680 3325 928 3420 reliqnis'Oscis
951 3330 1240 3416 inscriptionibus,
1262 3339 1399 3394 eatenus
1410 3330 1522 3394 Tusca
1542 3342 1603 3408 est,
1624 3343 1787 3418 quatenus
1802 3357 1827 3403 rs
1845 3357 1979 3428 semper

221 3480 285 3549 pro
307 3480 327 3525 o
348 3459 529 3538 scribitur,
551 3452 612 3521 sed
622 3451 832 3518 Graecorum
851 3452 905 3517 ris
926 3452 964 3513 in
984 3468 1026 3514 eo
1046 3451 1252 3539 agnoscitur,
1274 3446 1363 3533 qnod
1384 3466 1452 3513 nou
1472 3449 1626 3514 solan
1646 3470 1711 3536 pro
1731 3451 1779 3536 V,
1802 3452 1838 3530 V
1858 3470 1979 3525 ccum

222 3598 287 3669 pro
308 3579 337 3643 0
366 3578 412 3642 sit
439 3577 560 3663 posita,
591 3593 712 3641 verum
743 3573 846 3638 etiam
875 3589 941 3656 pro
966 3568 1106 3652 abjectis
1133 3569 1289 3655 aspiratis
1309 3569 1339 3633 a
1358 3578 1433 3651 οἰχ
1453 3578 1569 3634 tenues
1589 3572 1624 3654 β,
1646 3591 1678 3655 y,
1699 3571 1731 3652 d,
1753 3574 1803 3639 ita
1823 3587 1979 3664 receptae

223 3699 304 3778 sint,
325 3706 365 3761 ut
385 3691 417 3759 D
437 3713 503 3781 pro
523 3692 567 3775 ll,
587 3693 618 3757 tt
638 3701 767 3772 conus,
789 3692 878 3754 sicut
898 3690 934 3752 in
947 3687 1112 3753 Oscorum
1123 3685 1372 3774 Campanorum
1393 3688 1583 3771 literatura,
1605 3707 1669 3775 pro
1683 3689 1717 3753 D
1737 3694 1820 3778 poni
1840 3695 1977 3764 soleret.

224 3814 354 3881 Litoris
374 3814 489 3902 ligatis
509 3820 623 3876 antem
643 3811 681 3874 in
701 3828 779 3876 eum
798 3805 936 3873 modum
956 3804 1114 3888 abundat,
1146 3797 1329 3892 praecipue
1354 3808 1392 3870 in
1412 3807 1534 3893 'priore
1555 3810 1688 3897 pagina,
1720 3809 1911 3899 inscriptio,
1939 3826 1980 3883 nt

226 3936 331 4000 etiam
351 3930 438 3997 dnae
459 3930 607 4013 syllabae
628 3928 735 3995 canok
755 3930 793 3991 in
813 3939 914 3991 unam
934 3927 1080 4013 figuram
1101 3926 1302 3993 coaluerint.
1346 3923 1505 3991 Ceterum
1526 3913 1640 3991 omnia
1659 3926 1838 4011 vocabula,
1860 3934 1890 3996 si
1909 3954 1980 4000 non

223 4062 371 4139 puncto,
403 4048 588 4115 intervallo
620 4041 765 4133 quodam
796 4047 963 4129 sejuncta,
996 4054 1048 4125 et,
1080 4045 1234 4129 quamvis
1262 4043 1441 4109 nonnullas
1471 4043 1589 4110 literas
1620 4065 1799 4133 perperam
1827 4064 1979 4119 exaratas

224 4167 525 4258 deprehendamus,
546 4173 617 4234 tam
637 4164 745 4234 nitide
764 4167 954 4253 perscripta
974 4173 1064 4245 sunt,
1084 4174 1124 4230 ut
1143 4164 1243 4250 prior
1262 4161 1375 4229 saltim
1396 4166 1519 4253 pagina
1538 4167 1619 4230 satis
1639 4169 1747 4252 possit
1766 4168 1941 4256 explicari.

695 4387 732 4467 1.
784 4385 902 4466 Prior
923 4382 1076 4464 tobalea
1100 4380 1312 4462 Abellanos
1334 4386 1497 4492 pagine.

390 4516 532 4607 Lapidis
552 4539 716 4586 summam
737 4532 870 4609 partem
891 4541 959 4586 non
979 4529 1169 4587 truncatam
1190 4538 1273 4601 esse,
1300 4519 1471 4585 Passerins
1489 4520 1558 4603 jam
1579 4539 1621 4585 ex
1642 4539 1682 4587 eo
1705 4525 1860 4606 coniecit,
1889 4524 1978 4611 qnod

227 4659 330 4728 snpra
347 4643 478 4729 primos
498 4659 618 4706 versus
636 4643 749 4730 largus
770 4641 999 4728 conspiciatur
1028 4658 1157 4729 margo.
1199 4637 1327 4704 Nescio
1358 4637 1504 4724 quidem,
1536 4661 1602 4725 qua
1631 4660 1671 4705 re
1698 4642 1825 4706 iactum
1851 4646 1908 4725 sit,
1938 4657 1980 4713 nt

228 4779 298 4826 oon
318 4758 429 4825 solum
449 4761 486 4825 in
506 4762 614 4826 trium
634 4762 825 4848 primorum
845 4777 1007 4829 versuum
1027 4759 1104 4841 fine,
1134 4755 1193 4823 sed
1213 4760 1250 4822 in
1269 4756 1381 4824 media
1402 4779 1534 4845 quoque
1560 4762 1657 4825 tertii
1677 4779 1794 4826 versus
1814 4778 1900 4827 roca
1919 4784 1980 4831 ra·

228 4898 333 4945 cuum
352 4879 498 4964 spatium
517 4881 680 4946 relictum
700 4881 763 4962 sit,
795 4878 855 4945 sed
882 4900 987 4964 quum
1019 4877 1142 4944 horum
1169 4896 1330 4944 versuum
1358 4881 1525 4945 sententia
1549 4881 1599 4944 sic
1626 4876 1767 4944 enodari
1787 4884 1906 4965 possit,
1939 4895 1979 4952 nt

227 4997 317 5064 nihil
337 4998 411 5062 iere
432 4993 659 5080 desideretur,
690 5009 861 5065 entrare
887 5009 947 5065 aut
975 5000 1120 5065 fortuito
1145 4999 1330 5085 perfectam
1360 5008 1480 5085 putare
1507 5018 1682 5086 possumus
1709 5000 1977 5088 inscriptionem.

228 5115 338 5202 Quam
358 5114 513 5182 diversus
540 5138 624 5185 vero
651 5119 758 5184 inerit
776 5117 1021 5185 Abellanornm
1048 5115 1326 5204 Nolanos-umque
1357 5136 1468 5183 sermo
1499 5117 1541 5182 ab
1574 5135 1627 5199 eo,
1659 5136 1757 5204 quem
1787 5121 1826 5185 in
1856 5124 1980 5188 ceteris

229 5234 327 5303 Oscis
344 5234 623 5321 inscriptionibus
643 5233 938 5325 deprebendlmm
962 5244 1033 5324 jam
1052 5238 1204 5325 primum
1223 5233 1323 5304 docet
1341 5237 1546 5304 vocabulum
1566 5237 1706 5321 ιΙιΙιοιισ,
1734 5235 1824 5322 qnod
1844 5240 1883 5303 in
1901 5240 1979 5307 aliis

1477 5407 1525 5474 ὅ*
