4675 6000
372 1942 492 2034 Pers
519 1942 567 2035 Ι.
632 1904 791 2036 Oscum
819 1944 1053 2037 Ruminae
1080 1948 1260 2039 indulso
1287 1948 1592 2070 frequentem.
1652 1954 1763 2046 Tab.
1788 1932 1833 2047 I.

394 2163 599 2273 Bantinam
618 2208 767 2274 tabulam
788 2209 856 2291 jam
876 2207 915 2273 0.
937 2209 1105 2289 Rosinius,
1135 2211 1231 2291 cujus
1252 2231 1295 2273 ex
1323 2230 1425 2296 opere
1445 2211 1707 2289 delineationem
1727 2222 1799 2304 ejus
1819 2224 1928 2308 hausi,
1955 2249 1976 2293 e

227 2328 449 2419 frdgminibus
469 2333 575 2398 variis
595 2332 803 2418 composuit:
832 2352 938 2394 unum
958 2329 1060 2395 modo
1081 2334 1318 2416 fragmentum,
1348 2334 1440 2418 quod
1460 2340 1518 2400 cni
1543 2341 1620 2405 loco
1649 2344 1857 2413 reddendum
1878 2350 1975 2437 esset,

227 2466 326 2511 nemo
347 2451 588 2523 extricavcrat,
618 2444 691 2526 ipse
716 2445 848 2528 primus
874 2445 911 2507 in
939 2446 1006 2506 fine
1035 2448 1227 2531 primorum
1254 2467 1415 2513 versuum
1439 2450 1558 2534 adjeci.
1602 2455 1661 2520 Sic
1684 2468 1775 2528 enim
1800 2487 1868 2531 non
1890 2471 1976 2536 Osca

224 2561 327 2629 modo
347 2563 452 2629 rerba
475 2560 640 2645 sangiune
659 2570 695 2625 et
713 2573 844 2644 preter,
872 2565 910 2624 in
931 2562 1033 2625 initio
1053 2582 1215 2627 versuum
1235 2567 1257 2631 7
1278 2573 1313 2627 ct
1335 2569 1375 2634 16
1396 2573 1558 2652 repetita,
1588 2579 1832 2662 restituuntur,
1860 2584 1918 2648 sed
1938 2590 1975 2650 in

224 2680 349 2746 Latina
369 2701 502 2765 quoqne
529 2679 646 2745 tabula
672 2680 829 2743 firmatur
848 2678 993 2743 Marinii
1021 2683 1199 2761 sententia,
1228 2683 1286 2766 qui
1313 2684 1351 2744 in
1380 2688 1483 2749 tertio
1507 2706 1611 2753 versu
1637 2695 1831 2780 imperativi
1857 2703 1978 2771 deicito

224 2798 360 2865 finalem
380 2799 517 2863 literam
538 2799 566 2860 0
587 2818 652 2884 pro
674 2797 704 2880 Q
725 2797 907 2886 legendum
926 2801 1071 2885 putavit.
1115 2798 1233 2864 Verba
1252 2801 1359 2884 primi
1386 2823 1504 2869 versus
1524 2807 1673 2875 moltam
1695 2813 1824 2896 licitus,
1853 2823 1976 2905 quibus

84 2992 88 2995 -
223 2916 359 3004 singula
378 2917 484 2979 totins
504 2915 697 3002 argumenti
719 2917 830 3000 capita
851 2912 967 2978 claudi
987 2935 1095 2979 vacuo
1114 2920 1226 3003 ‘spatio
1240 2920 1461 3006 significatur,
1483 2926 1583 3008 quale
1598 2940 1648 2994 est
1668 2936 1977 3024 postimperatiros

225 3033 344 3099 licitud
362 3043 397 3097 et
417 3032 514 3097 ested
532 3052 565 3097 v.
589 3035 640 3099 13.
655 3033 704 3099 18.
716 3033 769 3098 23.
781 3033 847 3110 2⁷,
868 3034 1003 3116 punctis
1024 3036 1152 3110 notavi,
1175 3035 1453 3114 quemadmodum
1470 3042 1543 3124 illa,
1564 3065 1652 3129 quse
1669 3051 1714 3112 in¹
1726 3054 1793 3119 fine
1812 3077 1975 3132 versuum

223 3154 262 3217 11
285 3159 320 3224 et
341 3154 393 3216 12.
416 3159 516 3233 atque
536 3148 638 3211 initio
666 3167 700 3210 r.
721 3145 774 3218 27.
797 3166 816 3210 e
842 3147 1104 3232 repetitionibus
1133 3148 1317 3215 eorundem
1344 3154 1529 3221 verborum
1556 3182 1589 3225 v.
1612 3168 1662 3232 26.
1684 3178 1719 3232 et
1740 3174 1790 3239 18.
1820 3181 1975 3266 suppleta

223 3278 309 3335 sunt.
352 3267 464 3350 Quum
485 3286 528 3331 ex
547 3264 711 3352 suppletis
732 3264 817 3329 locis
839 3274 1073 3354 cognoscatur,
1102 3267 1139 3329 in
1158 3269 1214 3349 iis,
1244 3288 1330 3352 quae
1356 3272 1448 3337 inter
1472 3283 1590 3341 versus
1612 3283 1651 3346 ll
1673 3295 1706 3349 et
1726 3289 1778 3380 27.
1800 3293 1973 3386 leguntur,
2100 3354 2104 3361 .

223 3385 310 3451 nihil
330 3384 459 3467 deesse,
488 3404 614 3480 paucae
634 3383 773 3463 literae,
802 3402 888 3468 quae
914 3394 992 3490 post
1016 3403 1134 3449 versus
1156 3387 1291 3453 18-21.
1312 3392 1494 3474 separatim
1522 3408 1679 3464 exaratae
1707 3414 1975 3504 conspiciuntur,

224 3503 268 3569 sd
288 3504 430 3570 alteram
450 3501 586 3568 tabulae
606 3502 762 3590 paginam
782 3501 968 3586 pertinent,
996 3505 1081 3585 quae
1101 3513 1153 3567 est
1174 3502 1358 3590 deperdita.
1401 3507 1478 3573 Jam
1499 3514 1590 3576 enim
1609 3514 1772 3587 Klensius
1793 3528 1877 3597 bene
1897 3558 1975 3622 per.

223 3623 351 3706 spexit,
379 3622 530 3686 tabulam
549 3621 667 3708 plures
688 3619 897 3706 complexam
918 3637 988 3682 osso
1009 3624 1165 3709 paginas,
1193 3643 1339 3706 quarum
1358 3627 1394 3688 in
1421 3627 1530 3695 alters
1550 3643 1665 3717 parte,
1698 3661 1802 3723 quum
1828 3649 1974 3724 Latinae

224 3741 389 3805 versionis
408 3727 554 3828 paginae
571 3739 680 3804 multo
701 3743 865 3822 majorem
884 3738 1048 3804 haherent
1068 3739 1296 3823 latitudinem,
1317 3763 1360 3808 ne
1377 3766 1444 3810 uns
1459 3747 1595 3832 quidem
1615 3757 1687 3822 sine
1698 3778 1818 3852 magna
1830 3772 1973 3853 quadam

221 3858 439 3924 mancatione
459 3857 556 3921 nobis
577 3868 710 3923 serrata
731 3867 790 3922 est
819 3858 868 3920 Ex
888 3858 932 3920 iis
953 3868 1077 3938 autem,
1099 3881 1185 3943 quae
1204 3861 1328 3926 Latine
1347 3867 1473 3951 scripta
1493 3879 1582 3947 sunt,
1603 3870 1776 3962 discimus,
1797 3904 1972 3975 argum.

224 3987 296 4043 tum
318 3977 450 4042 tabulae
470 3977 572 4041 fnisse
593 3976 704 4067 legem
724 3974 939 4059 judiciariam
961 3975 1003 4041 de
1024 3978 1232 4064 repetundis,
1254 3981 1325 4044 illis
1339 3982 1469 4071 legibus
1489 3989 1644 4073 similem,
1666 4017 1747 4080 quas
1767 4008 1909 4090 septimo
1930 4015 1973 4079 «ι,

222 4094 316 4160 Urbe
337 4093 473 4160 condita
493 4097 607 4161 seculo
629 4097 858 4184 promulgatas
878 4098 1020 4161 scimus=
1043 4118 1212 4184 quumque
1233 4101 1319 4191 legis
1339 4102 1438 4188 hujus
1445 4106 1587 4175 Latinae
1607 4123 1757 4213 extrema
1777 4124 1850 4189 iere
1870 4150 1973 4220 expo.

223 4214 288 4277 sita
308 4212 469 4300 legamus,
497 4214 617 4279 Oscum
639 4214 895 4304 opisthographi
915 4216 1096 4304 fragmenti
1117 4218 1374 4305 inscriptionem
1394 4221 1437 4288 ad
1457 4228 1594 4292 initium
1616 4232 1750 4315 tabulae
1771 4248 1973 4326 pertinum,
2010 4315 2012 4322 Ι

208 4340 483 4396 ,consentaneum
503 4344 562 4397 est
607 4332 741 4418 Quanta
760 4353 840 4420 pars
868 4334 964 4398 initii
984 4333 1083 4416 desit,
1112 4333 1250 4402 definiri
1277 4345 1406 4425 nequit,
1433 4356 1675 4444 praetereaque
1696 4364 1887 4431 ovensibus
1906 4374 1972 4455 33„

105 4429 113 4438 ’
223 4448 343 4538 quibus
363 4446 547 4514 seeundum
574 4455 744 4536 appositos
771 4471 791 4515 s
820 4451 918 4517 nobis
946 4473 1108 4518 numeros
1128 4455 1214 4520 Osca
1241 4462 1435 4525 continetur
1454 4465 1645 4551 inscriptio,
1675 4469 1792 4548 decern'
1812 4484 1916 4567 primi
1936 4499 1972 4557 et

223 4584 280 4630 sex
299 4569 462 4652 postremi
482 4577 543 4632 sut
562 4570 599 4630 in
620 4569 796 4651 alterutra,
818 4573 935 4636 autin
956 4582 1102 4658 utraque
1122 4586 1219 4661 parte
1239 4576 1324 4643 adeo
1345 4581 1496 4646 mutilati
1505 4596 1594 4668 sunt,
1616 4599 1656 4653 ut
1676 4612 1744 4657 non
1764 4599 1971 4673 sineharic-

223 4682 350 4748 latione
369 4687 521 4773 suppleri
541 4687 679 4773 possint.
723 4689 886 4754 Feliciter
906 4700 1018 4756 tamen
1039 4692 1175 4775 accidit,
1197 4705 1248 4775 ut,
1266 4697 1371 4761 Oscae
1391 4697 1476 4788 legis
1496 4706 1629 4792 paginis
1649 4717 1841 4800 angustiore
1860 4726 1971 4806 spatio

225 4801 373 4885 scriptis,
402 4801 542 4869 dimidia
562 4805 675 4870 saltim
696 4825 776 4892 pars
798 4811 871 4892 'ejus
892 4818 951 4874 aut
969 4812 1066 4896 plene
1086 4811 1221 4900 legatur
1240 4825 1300 4879 sut
1319 4818 1419 4880 facile
1439 4823 1546 4903 possit
1565 4828 1711 4894 restitui.
1752 4830 1843 4901 Illud
1862 4840 1971 4930 igitur

225 4919 362 5002 utriqm
382 4917 464 5006 legi,
485 4933 520 4987 et
540 4924 646 4988 Oscae
667 4933 702 4989 et
721 4924 877 5007 Listinse,
900 4947 1077 4996 commune
1099 4940 1163 5012 est,
1185 4942 1225 4996 ut
1245 4953 1264 4995 e
1285 4937 1457 5018 quaternis
1477 4942 1655 5026 capitibus,
1676 4967 1820 5029 quorum
1840 4959 1971 5049 singule
2004 5041 2006 5048 Ι
2091 5019 2096 5034 ,

225 5039 262 5100 in
281 5037 406 5103 batim
425 5036 501 5128 lege
521 5060 542 5103 a
562 5061 652 5108 novo
672 5061 775 5108 versu
795 5046 975 5132 incipiunt,
1007 5049 1044 5111 in
1066 5048 1151 5114 Osca
1171 5069 1256 5117 sero
1276 5054 1406 5135 maiore
1433 5065 1564 5122 tantum
1585 5064 1767 5133 intervallo
1787 5076 1971 5147 verborum
2075 5083 2085 5098 '

226 5152 474 5236 ducemuntur,
503 5164 574 5222 tam
593 5161 743 5244 primum
762 5183 859 5247 quam
879 5176 1089 5251 postremum
1110 5166 1196 5234 adso
1216 5171 1411 5238 mutilatum
1431 5175 1488 5258 sit,
1510 5187 1559 5258 ut,
1581 5199 1623 5244 ne
1645 5202 1782 5270 operam
1804 5200 1838 5255 et
1857 5194 1970 5265 oleum

1472 5346 1494 5411 2
