4675 6000
347 1005 488 1074 rinttel
499 1012 716 1094 augmentum
733 1000 933 1087 syllabicam
942 999 1042 1067 verbi
1062 1022 1228 1087 sesamo
1248 1019 1312 1089 pro
1332 995 1715 1083 trecassensem:
1735 999 1818 1067 hinc
1835 1017 1905 1066 non
1923 998 1962 1067 iu
1982 1011 2104 1088 quarto

346 1126 460 1192 solum
485 1144 600 1205 uersu,
629 1121 689 1188 sod
717 1122 795 1187 aliis
825 1140 954 1208 quoque
981 1121 1067 1186 locis
1092 1122 1227 1211 singula
1253 1119 1359 1187 verba
1384 1138 1563 1207 perperam
1588 1116 1750 1185 dmtincta
1769 1118 1939 1205 suspicor.
1992 1120 2108 1187 Etim

344 1245 488 1313 cmFro
516 1262 617 1330 quam
642 1262 775 1308 coeco
804 1243 972 1331 scriptum
997 1240 1127 1322 malim,
1160 1251 1200 1307 ut
1233 1250 1334 1308 comm
1358 1239 1587 1307 umnam
1613 1257 1726 1305 nomen
1752 1236 1960 1329 designetur,
1987 1236 2048 1305 sed
2066 1239 2105 1305 in
2174 1244 2190 1275 ³

345 1363 462 1429 multis
489 1362 567 1426 aliis
589 1380 720 1448 quoquo
743 1363 888 1428 mutatio
909 1361 1072 1448 quaedam
1092 1358 1304 1427 Graecorum
1330 1361 1536 1425 commercio
1565 1360 1686 1425 effecte
1709 1358 1872 1427 omniur:
1912 1356 2103 1427 Nominum

344 1480 688 1560 increpitamus
709 1483 905 1547 terminatio
926 1492 977 1548 est
998 1480 1129 1562 molem,
1156 1500 1244 1566 quae
1269 1483 1307 1546 iu
1327 1480 1573 1547 Herculanensi
1593 1488 1628 1547 et
1647 1479 1853 1567 Pompeiam
1871 1478 2105 1565 immnptinni

346 1601 410 1668 bus
429 1618 494 1686 pro
513 1601 567 1667 ies
586 1600 725 1689 legitur,
758 1610 859 1686 atquo
880 1599 921 1666 id
938 1621 1073 1687 quoque
1093 1599 1271 1689 Campanis
1297 1601 1449 1667 sollenne
1469 1602 1549 1683 iuit,
1581 1608 1623 1666 ut
1641 1596 1710 1666 duc
1730 1599 1868 1664 uomina
1888 1605 2051 1686 perenm
2067 1596 2106 1663 in

344 1719 403 1814 icc*
418 1717 616 1786 desinentia.
657 1718 1018 1809 Demegogusquidem
1028 1721 1285 1787 Himerensium
1299 1719 1388 1807 apud
1399 1719 1619 1787 Plutarchum
1631 1717 1840 1805 inPcmpejo
1852 1719 1905 1785 lo.
1946 1710 2107 1793 Σθένις

345 1837 522 1919 scribitur,
548 1840 638 1902 sicut
665 1836 848 1920 Olynthius
876 1839 1002 1905 nobilis
1028 1843 1212 1907 statuarius
1239 1842 1277 1905 in
1304 1839 1453 1905 Lucullo
1479 1842 1553 1919 284
1580 1835 1641 1902 sed
1660 1834 1846 1903 secuudum
1866 1835 2001 1899 Festum
2020 1852 2047 1900 s.
2068 1852 2105 1900 τ.

346 1956 535 2022 Mamertini
560 1956 633 2039 ipsc
662 1953 867 2019 Samnitium
894 1958 1065 2044 princeps,
1093 1977 1161 2043 quo
1188 1968 1328 2023 auctore
1348 1955 1549 2023 Mamertini
1572 1956 1686 2042 patria
1714 1952 1878 2019 excedere
1905 1952 1987 2032 inssi
2013 1959 2106 2033 sunt,

345 2072 526 2140 Scironia
545 2071 688 2139 Meuius
709 2070 898 2140 dicebatur.
937 2072 1096 2142 &dellius
1116 2074 1372 2147 Thermitanus,
1401 2075 1498 2150 cuius
1524 2063 1646 2135 noluo!
1664 2071 1709 2135 it
1737 2070 1935 2135 Himerensi
1960 2069 2108 2154 inscrip-

345 2191 439 2257 tione
461 2188 551 2275 upud
570 2189 765 2255 Reiuesium
785 2186 832 2267 11,
842 2190 909 2267 40,
929 2187 1019 2252 sicut
1039 2189 1130 2272 apud
1147 2159 1291 2254 livium
1302 2180 1526 2266 xxxma,
1546 2186 1683 2255 states
1702 2189 1870 2274 scriplum
1888 2195 1950 2267 est,
1972 2185 2107 2271 saepius

345 2316 556 2374 memoratur
574 2303 770 2370 aGicerone
790 2302 998 2368 iuVerrinis
1019 2303 1243 2383 orationibus,
1264 2301 1422 2388 idemque
1437 2303 1913 2381 nomenstmntmscribitur
1932 2305 1970 2367 in
1990 2301 2108 2371 ahma

346 2422 480 2513 lapidea
501 2421 652 2488 Puteolis
678 2424 798 2487 effossa
822 2419 914 2508 apud
934 2422 1128 2485 Reinesium
1146 2419 1258 2496 v‚23.
1271 2422 1431 2504 pag-371.
1454 2426 1489 2481 et
1517 2420 1555 2480 iu
1579 2421 1803 2501 inscriptione
1822 2422 1995 2487 Acerrani
2014 2419 2106 2509 apud

346 2516 516 2609 Orellium
534 2562 569 2605 n·
580 2544 678 2611 3716.
727 2536 1016 2624 Quemadmodum
1044 2536 1181 2603 Stenius
1209 2544 1326 2601 noster
1351 2534 1532 2629 Kcitrsc
1558 2533 1714 2601 Σταττι
1742 2531 1882 2616 (licitur,
1912 2539 1963 2602 sic
1989 2536 2108 2607 Statio

347 2660 461 2732 Caleni
481 2661 608 2750 legitur
627 2654 717 2744 apud
739 2654 924 2721 Gruterum
944 2654 1239 2749 Dcccmmp
1260 2649 1596 2721 semivestitum
1616 2663 1737 2720 contra
1755 2652 1900 2722 Statim
1919 2653 2106 2738 stettin,

345 2781 564 2846 Lucanorum
583 2775 864 2858 Bruttiorumque
886 2771 1006 2838 (lucem
1027 2775 1064 2837 in
1085 2792 1126 2837 eo
1147 2771 1253 2854 hello,
1274 2791 1342 2858 quo
1363 2772 1491 2860 gemini
1506 2772 1626 2862 populi
1636 2772 1812 2840 Thurinae
1831 2773 1929 2839 urbis
1948 2774 2107 2860 petebant

347 2894 529 2977 excidium,
549 2892 629 2958 val.
639 2889 690 2956 M.
702 2890 730 2972 Ι,
742 2894 775 2972 8,
786 2896 818 2961 6.
831 2893 894 2960 28⁰
911 2911 942 2957 a.
955 2910 984 2956 c.
996 2913 1030 2958 n.
1052 2892 1185 2956 Plinius
1204 2892 1250 2960 H.
1262 2890 1307 2959 N.
1319 2887 1485 2971 XXXIV,
1502 2891 1604 2969 (issi).
1632 2892 1780 2959 vocavit.
1835 2891 1954 2963 Caleni
1982 2910 2107 2960 nomeu

347 3038 369 3082 a
390 3014 594 3101 Campaniae
615 3009 750 3095 quidem
778 3010 965 3096 municipio
987 3009 1111 3075 deduci
1131 3021 1253 3098 potest,
1284 3007 1565 3095 quemadmodum
1588 3009 1715 3095 Ufentis
1733 3012 1790 3076 uel
1814 3009 1976 3100 Ουφενς
1993 3015 2032 3077 iu
2052 3016 2104 3077 in·

346 3134 533 3220 scriptione
560 3138 677 3195 nostra
705 3127 889 3193 secundum
910 3127 1104 3194 Varronem
1123 3129 1165 3194 L.
1178 3127 1329 3210 mvnl,
1340 3137 1426 3195 extr.
1447 3128 1490 3194 ah
1509 3127 1634 3193 Utente
1659 3130 1766 3195 fluvio
1786 3128 1974 3210 derivetur,
2000 3139 2105 3217 etque

349 3251 470 3319 Olenus
491 3247 633 3319 celem
660 3246 835 3313 dicebatur
860 3245 1101 3310 celeberrimus
1129 3246 1214 3310 olim
1240 3255 1335 3312 vates
1360 3247 1520 3313 Etruriae
1544 3245 1635 3333 apud
1654 3245 1806 3314 Plinium
1824 3248 1871 3317 H.
1882 3247 1928 3317 N.
1938 3245 2104 3331 xxvm,

346 3370 447 3451 2(4).;
479 3366 539 3435 ssd
561 3366 715 3460 Gelenius
741 3368 867 3456 legitur
894 3361 984 3451 apud
1006 3363 1206 3430 Ciceronem
1226 3339 1271 3430 ad
1289 3363 1358 3433 Διὶ.
1371 3364 1470 3449 VIII,
1482 3369 1533 3434 12
1544 3363 1625 3436 0.1.
1646 3375 1749 3454 atque
1771 3363 1811 3436 T.
1835 3364 1987 3436 celicias
2005 3370 2103 3436 Mar·
2140 3395 2156 3426 ο

348 3489 448 3558 celles
467 3490 557 3555 Pano
576 3488 746 3552 Fortunae
766 3482 856 3573 apud
877 3482 1064 3550 Gruterum
1084 3481 1197 3554 0001.
1240 3485 1298 3552 Sic
1317 3484 1427 3552 Statii
1453 3504 1586 3571 quoque
1613 3504 1738 3553 nomen
1760 3487 1842 3555 Lit.
1852 3486 1983 3570 XXIV,
1995 3492 2046 3556 19.
2065 3489 2105 3553 in

347 3608 484 3676 Nolana
503 3607 725 3693 inscriptione
745 3601 835 3690 apud
845 3599 1031 3670 Gruterum
1042 3600 1241 3686 cccxvii,
1252 3605 1284 3672 ὅ.
1306 3602 1433 3672 Statili
1451 3605 1634 3672 scribitur:
1657 3604 1810 3695 designat
1828 3615 1942 3672 numm
1951 3606 2107 3676 recte·

348 3730 386 3794 in
410 3727 562 3816 genitivo
590 3742 672 3789 casu
698 3723 846 3809 positum
871 3723 979 3807 patris
1006 3741 1141 3805 nomen,
1168 3725 1331 3809 quoniam
1351 3725 1443 3807 Osci,
1477 3735 1521 3792 ut
1545 3746 1565 3792 e
1590 3724 1803 3814 Pompeianis
1826 3725 2105 3813 inscriptionibus

266 3821 272 3833 ⁸
348 3844 523 3925 discimus,
549 3860 673 3908 nomen
692 3840 793 3922 illud,
821 3861 889 3928 quo
910 3841 1001 3927 filies
1020 3842 1285 3933 significabatur,
1307 3845 1466 3910 omittere
1484 3843 1647 3913 solebant
1688 3846 1731 3911 H
1735 3865 1810 3915 ισα
1828 3854 1900 3912 tam
1918 3846 1957 3909 iu
1976 3846 2102 3932 primo,

350 3985 451 4051 quam
471 3963 508 4027 in
521 3969 692 4048 postremo
702 3981 804 4027 versu
824 3981 892 4025 una
911 3980 996 4027 voce
1005 3960 1215 4052 jungendum
1234 3971 1286 4027 est
1304 3982 1368 4048 pro
1390 3965 1471 4045 eise,
1492 3962 1583 4050 quod
1600 3960 1694 4029 idem
1712 3963 1882 4053 significat
1908 3973 2009 4050 atquc
2034 3983 2105 4054 cuc

349 4085 387 4149 in
398 4081 565 4169 Gapuensi
584 4081 824 4165 inscriptione;
845 4080 892 4144 M
895 4102 998 4171 αρας
1017 4099 1102 4146 reno
1122 4083 1294 4171 genitivus
1314 4091 1366 4147 est
1385 4083 1457 4163 ejus
1477 4083 1635 4164 nominis,
1656 4081 1746 4170 quod
1761 4083 1808 4149 Μ
1812 4076 1918 4172 ὥρης
1937 4084 2104 4170 scriptum

351 4211 402 4266 est
422 4197 512 4286 apud
531 4198 710 4263 Aelianum
719 4197 805 4264 Ver.
818 4199 865 4267 H.
878 4196 941 4282 IX,
955 4204 1018 4282 16,
1040 4202 1100 4286 qui
1121 4198 1258 4285 quidem
1276 4194 1418 4288 Μάρην,
1440 4198 1717 4285 quasiGellicum
1736 4221 1860 4268 nomen
1879 4212 1967 4269 esset
1984 4198 2105 4270 March

349 4317 478 4405 (equos)
498 4316 589 4404 apud
609 4314 747 4382 Pausan.
758 4316 804 4398 X,
815 4319 876 4393 19,
897 4312 1067 4404 trecense
1085 4319 1157 4385 sive
1179 4316 1385 4386 Genmumm
1403 4317 1668 4406 interpretatum
1688 4318 1748 4385 sed
1767 4322 1895 4387 rectius
1915 4320 1977 4385 alii
1996 4319 2105 4385 Auso·

350 4459 432 4503 num
451 4437 591 4505 Martem
610 4436 820 4526 intelligunt,
842 4435 931 4501 unde
951 4438 1083 4505 Marius
1102 4437 1287 4505 secundum
1307 4437 1528 4503 Plutarchum
1546 4439 1584 4502 in
1604 4437 1721 4506 Mario
1733 4444 1788 4522 46,
1798 4444 1832 4511 3.
1872 4439 1996 4504 Martis
2011 4436 2105 4502 lilius

351 4558 542 4624 nominatus
562 4565 624 4619 est.
666 4552 720 4617 An
738 4555 874 4622 Murrus
895 4576 1040 4641 quoque,
1060 4555 1150 4622 unde
1171 4557 1277 4623 Silius
1298 4557 1341 4623 It.
1359 4556 1540 4639 V1n‚5c·1.
1583 4558 1768 4626 Merionen
1787 4553 1949 4644 oppidum
1968 4553 2105 4621 marre-

351 4678 435 4743 olom
455 4672 603 4755 deducit,
624 4673 762 4738 Mavors
782 4677 839 4752 sit,
860 4675 1025 4740 affirmari
1047 4677 1181 4763 nequit3
1202 4675 1262 4742 sed
1274 4678 1424 4743 Maricae
1443 4681 1623 4766 conjugem
1636 4679 1786 4743 Faunum
1806 4670 1897 4758 apud
1906 4670 2099 4764 Virgilium
2129 4685 2132 4690 ’

352 4792 392 4862 Δ.
405 4794 484 4873 Vll,
497 4798 548 4864 47.
590 4789 764 4878 Appiauus
783 4792 842 4859 lib.
854 4793 883 4857 1.
903 4798 944 4860 in
964 4797 1122 4884 Excerpt.
1144 4816 1186 4862 ex
1207 4795 1328 4861 Photio
1349 4795 1473 4860 Martis
1492 4795 1602 4859 lilium
1622 4792 1719 4874 dieii,
1739 4787 2019 4878 quemadmodum
2039 4791 2103 4858 Pe·

351 4911 503 4979 sidonius
524 4907 615 4998 apud
633 4907 852 4977 Plutarchum
873 4914 910 4977 in
931 4914 1099 4983 Marcello
1121 4920 1151 4983 1.
1174 4914 1288 4981 Marci
1298 4915 1404 4980 lilium
1414 4902 1758 5000 Menestam'Aplt’os
1777 4912 2019 4996 interpretatus
2040 4920 2100 4976 est

316 5059 321 5064 ·
351 5027 411 5096 Sic
431 5026 544 5098 Asca
563 5029 723 5113 Marcios,
744 5053 766 5097 a
785 5051 853 5118 quo
874 5043 952 5099 sunt
971 5036 1095 5102 Marcii
1114 5035 1223 5122 Roget
1242 5032 1423 5100 secundum
1437 5031 1613 5099 camaram
1633 5029 1723 5119 apud
1742 5029 1943 5098 Suetonium
1962 5028 2099 5097 cmc

354 5151 390 5208 et
414 5144 562 5216 Merctor
588 5149 782 5220 Coriolanus
810 5152 992 5220 secundum
1020 5154 1238 5221 Plutarchum
1270 5156 1308 5222 iu
1333 5151 1462 5221 Geriol
1479 5158 1525 5233 1.,
1553 5162 1605 5219 est
1622 5151 1787 5240 θεράπων
1811 5150 1874 5220 coi
1889 5146 2031 5239 Ἀρεος,
2057 5144 2100 5213 ad
2158 5235 2162 5240 ᾖ
