4675 6000
1099 795 1141 844 .’.
1203 802 1246 867 44
1307 833 1349 848 -

390 970 472 1047 iubs
493 940 1256 1055 setr)epot1petsodsatcrstloa‚poe‘anter
1299 975 1395 1030 terem
1423 964 1565 1044 m(e)ssee
1595 968 1652 1048 ist,

390 1101 426 1156 et
464 1098 573 1157 torret
620 1108 645 1157 a
662 1085 823 1173 peculatu
860 1083 1037 1165 sacellum,
1056 1082 1146 1169 quod
1166 1086 1259 1150 intra
1280 1094 1408 1149 terram
1427 1082 1573 1150 mediam
1592 1094 1655 1163 cst,

388 1210 448 1294 pai
501 1217 597 1273 terea
648 1225 688 1270 ea
708 1208 815 1271 ιιίοιιιιι
871 1178 1052 1289 Ἰαιιὲίιιιιά
1108 1202 1249 1289 pmfoto
1279 1214 1330 1270 set
1352 1203 1466 1285 dimas)
1487 1224 1532 1268 oss
1544 1222 1625 1284 saer,

292 1296 304 1321 ⁸
390 1345 456 1413 qua
475 1326 513 1389 in
534 1335 629 1389 terra
648 1322 704 1387 vel
724 1324 864 1411 regione
887 1321 1087 1389 exdeoreto
1108 1314 1261 1408 praelato
1280 1324 1325 1387 sit
1346 1323 1442 1386 limes
1463 1322 1519 1386 vel
1539 1341 1668 1401 murus,

389 1465 434 1529 po
456 1443 542 1510 sibilo
561 1441 712 1521 rabodo)
816 1440 1010 1522 metuisse,
1078 1496 1087 1503 .
1220 1462 1271 1507 om
1331 1443 1416 1506 trois
1447 1441 1595 1508 mluikei
1616 1440 1737 1524 (desei,
1756 1440 1860 1523 fosid,
2249 1512 2253 1521 ,

391 1582 459 1649 qna
470 1564 547 1628 istic
556 1544 652 1624 sadra
662 1557 767 1640 (locs)
779 1559 1035 1646 circumscripta
1045 1557 1163 1641 (sunt),
1196 1560 1297 1625 simul
1318 1580 1437 1626 moene
1457 1560 1583 1625 molari
1602 1579 1736 1651 aggere,
1758 1562 1857 1641 fossa,
2146 1518 2173 1559 ᾖ

391 1682 487 1747 cissis
506 1679 705 1746 soborubleis
726 1679 830 1761 (isim)
852 1678 936 1745 teres
957 1676 1148 1762 fructuosior,
1169 1678 1315 1769 steht),
1335 1678 1490 1759 maesta,
2029 1742 2037 1756 ,
2180 1674 2191 1713 Ι

389 1798 490 1880 huius
554 1797 672 1863 sacelli
746 1870 751 1881 ¹
795 1806 829 1861 et
849 1807 961 1865 terrae
980 1799 1149 1878 frutectis,
1169 1776 1310 1879 ficubus,
1332 1798 1534 1876 munitione,

388 1926 450 2001 pot
552 1917 670 1992 or(tost
709 1911 864 1993 Abellub)
885 1923 942 1980 cot
958 1896 2102 2002 Nauloi(pustisffler'ebleisfi(isno,AbeIloI)ispidNoulol(imuoso).

391 2038 677 2120 mbnmactum
687 2032 1108 2120 cstAbellaeatqueNolto
1190 2004 2096 2117 deflercnlisdosto,bbcllaniedmNolauocommuni.

734 2237 856 2331 Pars
893 2237 971 2329 VI.
1030 2239 1286 2361 Alpdadeto
1318 2242 1475 2332 Osca
1503 2242 1617 2339 Tab.
1630 2240 1712 2337 Π
2023 2164 2030 2175 Ι
2068 2172 2072 2181 Ι
2168 2152 2186 2191 ³

515 2387 557 2453 Iu
575 2387 692 2454 tabula
711 2387 755 2451 11.
771 2388 950 2474 alphabeta
970 2387 1086 2453 addidi
1106 2410 1148 2453 ex
1169 2390 1448 2472 inscriptionibus
1468 2390 1650 2452 illustratis
1667 2390 1822 2469 collecta,
1844 2409 1929 2475 quae
1949 2401 1990 2456 ut
2008 2402 2166 2471 recte

348 2506 595 2598 intelligentur,
617 2527 723 2595 pauca
743 2505 952 2572 admonenda
972 2518 1061 2573 suut.
1089 2507 1222 2588 Fontes,
1242 2503 1331 2569 unde
1339 2505 1466 2573 hausta
1486 2513 1576 2583 sunt,
1596 2484 1833 2590 superscripsi,
1856 2505 2102 2596 diligenterque
2182 2518 2186 2529 '

350 2628 435 2707 cavi,
456 2647 500 2691 na
520 2629 792 2691 immiscerentur
812 2643 832 2686 e
851 2623 1066 2688 nummisrel
1078 2626 1168 2689 rasis
1189 2624 1310 2701 aliena,
1333 2640 1418 2706 quae
1440 2619 1604 2701 judicium
1623 2622 1874 2709 perturbarent.
1915 2623 2104 2710 Alphabcto

349 2745 415 2810 soli
436 2742 602 2831 Caprensi
620 2760 743 2828 paucas
763 2741 879 2805 literas
899 2737 1016 2803 addidi
1036 2760 1056 2804 e
1077 2741 1223 2803 nummis
1246 2740 1652 2824 Samniticisillustratis,
1684 2752 1725 2807 ut
1743 2744 1991 2829 supplerentur,
2018 2764 2102 2830 quas

350 2861 511 2928 desuem.
561 2860 665 2924 Deest
690 2868 802 2923 umen
830 2859 1046 2944 aspirationis
1073 2864 1166 2937 note,
1195 2854 1475 2941 quemadmodum
1499 2860 1601 2922 litera
1622 2852 1650 2924 C
1669 2859 1725 2925 vel
1747 2859 1778 2922 G
1797 2862 1835 2923 in
1855 2861 2102 2929 Herculanensi

349 2980 541 3069 alphabeto,
562 2979 603 3059 B,
624 2976 671 3058 H,
692 2977 727 3055 t,
751 2978 787 3039 in
815 2975 1036 3061 inscriptione
1061 2975 1304 3059 antiquissima.
1348 2972 1416 3037 [lbi
1442 2975 1605 3039 lineolam
1625 2987 1850 3043 transversam
1870 2983 1980 3067 posui,
2007 2982 2102 3048 nulla

351 3100 489 3164 omnim
510 3097 613 3161 litera
634 3094 719 3158 Osca
737 3095 881 3158 Latinae
902 3091 1036 3158 diverse
1056 3090 1202 3177 quadam
1221 3092 1329 3180 ligura
1350 3083 1541 3177 respondet,
1564 3114 1668 3177 quum
1689 3095 1716 3160 G
1737 3116 1871 3183 semper
1890 3118 1955 3184 pro
1966 3098 1998 3164 G
2016 3105 2102 3166 scri·

350 3217 463 3295 batur,
482 3215 572 3279 sicut
591 3212 663 3278 KV
680 3233 746 3300 pro
768 3212 797 3296 Q
820 3222 854 3277 st
874 3208 931 3275 ΚΒ
951 3230 1016 3297 pro
1036 3208 1082 3291 X,
1104 3210 1135 3273 Ζ
1155 3229 1241 3275 vero
1261 3230 1330 3275 non
1350 3206 1562 3275 discernatur
1583 3211 1625 3274 ab
1645 3210 1683 3292 S,
1711 3215 1779 3277 uisi
1806 3216 1837 3279 si
1864 3213 2032 3304 duplicem
2050 3215 2101 3284 SS

351 3341 421 3402 tam
441 3353 505 3420 pro
525 3331 557 3396 Z
574 3352 679 3417 quam
700 3351 762 3416 pro
783 3330 817 3394 X
837 3331 980 3415 positam
1001 3339 1122 3416 putare
1145 3328 1235 3392 velis
1279 3327 1378 3411 Quod
1398 3327 1441 3392 ad
1461 3326 1576 3410 addita
1595 3329 1663 3394 duo
1675 3328 1884 3399 Graecorum
1904 3336 2024 3404 ltaliae
2043 3357 2103 3404 an·

350 3452 618 3538 tiquiseimorum
632 3448 825 3536 'alphabeta‘
837 3450 969 3542 attinet,
992 3429 1034 3509 de
1056 3444 1178 3530 quibus
1205 3448 1242 3506 in
1262 3444 1330 3508 fine
1351 3444 1453 3528 hujus
1471 3450 1583 3533 operis
1603 3450 1785 3537 singularis
1805 3472 1916 3517 sermo
1937 3458 2017 3538 erit,
2046 3455 2103 3521 bic

351 3573 487 3637 nonnisi
509 3568 607 3634 dllud
620 3571 766 3644 'moueo,
799 3583 867 3644 ure,
899 3584 1004 3647 quum
1026 3564 1127 3627 Oscas
1148 3562 1266 3626 literas
1285 3561 1411 3628 Latino
1432 3564 1594 3632 Bantinao
1615 3567 1749 3632 tabulae
1770 3569 1949 3655 alphabeto
1969 3547 2120 3662 adapta-²

351 3709 436 3770 rem,
458 3707 513 3752 cas
534 3687 663 3766 literas,
685 3703 771 3769 quae
791 3682 929 3748 Graecis
948 3683 1108 3769 propriae
1129 3683 1279 3761 fuerunt,
1305 3690 1402 3747 extra
1422 3682 1589 3769 alphabeti
1609 3684 1763 3751 ordinem
1784 3689 1821 3750 iu
1840 3689 1906 3754 flue
1926 3690 2100 3776 adjecisse,

352 3827 436 3894 quae
457 3825 558 3892 quam
578 3802 738 3868 differant
756 3823 821 3867 usu
841 3821 861 3865 s
882 3802 1013 3867 Latinis
1034 3801 1157 3902 literis,
1191 3800 1312 3885 quibus
1333 3802 1505 3887 appositae
1524 3810 1614 3884 sunt,
1646 3823 1714 3869 non
1735 3806 1821 3882 latet
1839 3808 2017 3876 literarum
2037 3811 2103 3878 llo·

352 3913 529 3991 manarum
549 3922 824 4006 Graecorumque
845 3919 977 4010 guaros.
1019 3917 1108 3988 Sunt
1127 3928 1240 3985 sutem
1260 3918 1362 4007 plura
1388 3917 1536 3988 notanda
1563 3919 1661 3990 etde
1681 3924 1799 4014 liguris
1823 3935 1859 3992 et
1885 3926 1928 3994 de
1953 3948 2103 4016 pronun·

352 4047 494 4111 tiatione
513 4042 695 4108 literarum
715 4041 887 4109 Oscarum.
956 4063 961 4070 ·

961 4260 999 4339 1.
1050 4257 1330 4342 sesamam
1353 4260 1501 4364 figere.
1962 4315 1991 4354 a
2180 4243 2187 4254 ’

521 4396 684 4462 Oscarum
709 4396 889 4464 literarum
917 4394 1079 4461 eTusois
1108 4399 1276 4487 originem
1302 4416 1371 4462 uon
1397 4399 1508 4462 solum
1536 4383 1626 4462 illud
1651 4407 1806 4483 testatur,
1834 4400 1925 4489 quod
1944 4421 1965 4465 a
1984 4400 2106 4470 dextra

355 4511 398 4579 ad
417 4516 589 4581 ιίιιίιιιιιιιι
609 4516 817 4596 scribuntur,
839 4512 898 4580 sed
918 4515 1026 4581 multo
1048 4519 1154 4605 megip
1175 4516 1252 4597 hoc,
1273 4515 1364 4602 quod
1380 4517 1531 4608 literaO
1550 4519 1735 4606 supplenda
1755 4526 1823 4587 fuit
1841 4541 1903 4608 per
1921 4543 1944 4588 ιι
1965 4531 2107 4608 puncta-

354 4644 437 4700 tum.
480 4633 527 4700 At
550 4636 641 4700 inter
661 4634 806 4700 Tuscum
828 4633 1014 4720 Oscamque
1042 4631 1175 4725 linguas
1203 4646 1296 4702 unta
1320 4605 1396 4701 fuit
1415 4635 1652 4724 discrepantia,
1676 4651 1771 4705 utet
1790 4639 1962 4707 sibilantes
1981 4643 2104 4710 literas

353 4765 489 4842 praeter
508 4774 610 4818 uuam
631 4775 649 4819 s
669 4765 703 4818 ct
723 4756 888 4840 aspiratae
909 4763 1126 4819 consonantes
1147 4765 1284 4840 praeter
1303 4754 1326 4820 t
1346 4764 1382 4819 et
1401 4754 1656 4840 subjiciendae,
1682 4756 1812 4823 mediae
1837 4768 1957 4826 contra
1981 4761 2103 4829 literas

355 4871 388 4954 b,
408 4892 446 4957 g,
468 4874 502 4952 d,
521 4894 543 4938 a
562 4871 701 4937 Graecis
721 4869 924 4938 mutuandas
955 4883 1073 4938 essem
1127 4871 1183 4938 Ne
1212 4877 1303 4938 euim
1322 4872 1444 4938 barum
1471 4876 1639 4964 originem
1666 4896 1687 4940 a
1707 4877 1866 4943 Romanis
1882 4877 2101 4963 deducamus,

353 4988 524 5058 dissuadet
542 5002 679 5079 praeter
699 4993 863 5059 Graecam
883 5007 1034 5079 gammae
1054 4992 1198 5082 figuram
1218 5002 1320 5079 atque
1340 4995 1660 5080 pronuntiationem,
1684 5015 1784 5082 quam
1799 5001 2103 5094 gemmatuslimcs

354 5109 443 5196 apud
462 5112 705 5203 agrimemores
726 5121 882 5190 testatur,
902 5109 1078 5178 literarum
1098 5111 1124 5177 d
1141 5121 1178 5176 et
1196 5131 1217 5175 r
1235 5114 1327 5178 inter
1347 5111 1451 5188 Oscos
1470 5123 1507 5181 et
1523 5111 1690 5181 Romanos
1709 5112 1911 5188 decanta.
