4675 6000
1131 740 1376 806 ..53-

380 904 564 988 antipshs
584 923 677 970 suam
699 876 812 988 fuisse,
835 908 959 991 qnippe
971 923 1071 990 quam
1092 904 1176 967 olim
1192 906 1377 968 tenuissent
1389 903 1496 983 lones,
1507 902 1718 969 Scholiasten
1728 902 1772 970 ad
1781 905 1998 993 Lycophron.
2011 928 2043 973 s.
2055 907 2133 975 ets.

378 1025 498 1103 movit,
519 1035 560 1090 ut
578 1034 770 1105 annotaret,
790 1025 1008 1091 Athenienses
1028 1024 1096 1104 jam
1117 1032 1195 1087 ante
1215 1020 1385 1106 Trojanos
1407 1025 1444 1086 in
1464 1018 1598 1089 ltaliam
1618 1025 1788 1109 profectos
1808 1026 1902 1090 circa
1921 1024 2015 1089 Sirin
2034 1024 2134 1089 habi-

381 1149 484 1222 tasse3
513 1154 550 1209 at
574 1145 636 1208 illc
660 1147 836 1232 inpriore
860 1153 1015 1231 tempora
1040 1140 1217 1206 transtulit
1236 1140 1357 1205 Ionum
1377 1139 1624 1227 expeditionem
1644 1144 1737 1207 circa
1757 1142 1891 1229 Olymp.
1912 1142 2042 1209 XXIV.
2063 1144 2134 1207 lae·

381 1268 463 1339 tam,
485 1282 552 1345 qua
572 1248 748 1351 colophon
768 1263 850 1328 urbs
870 1282 891 1326 a
912 1260 1009 1350 Gyge
1030 1270 1128 1347 capta
1149 1269 1212 1340 est,
1232 1258 1322 1323 unde
1343 1261 1440 1324 lones
1460 1258 1550 1346 apud
1570 1259 1771 1326 Strabonem
1786 1261 2133 1350 v1‚1,1s.pag.2os

380 1370 565 1465 φεύγοντας
583 1377 644 1467 τὴν
663 1379 790 1449 Λυδῶν
811 1374 915 1471 ἀρχὴν
935 1376 1094 1447 ἐπελθεῖν
1112 1376 1173 1447 καὶ
1191 1372 1252 1468 βίᾳ
1274 1374 1389 1461 λαβεῖν
1409 1374 1469 1465 τὴν
1488 1375 1582 1446 πόλιν
1608 1379 1675 1445 τῶν
1694 1372 1823 1445 Χῶνων
1843 1369 1960 1457 οὖσαν,
1989 1374 2131 1449 καλέσαι

381 1492 418 1560 δὲ
439 1490 541 1586 αὐτὴν
559 1493 733 1579 flottam,
761 1500 915 1588 legimus.
959 1498 1035 1563 Jam
1056 1500 1286 1578 omittenses,
1313 1517 1399 1583 quae
1420 1497 1542 1563 Strabo
1568 1518 1609 1564 ex
1629 1497 1789 1563 Antiochi
1809 1498 1963 1563 historiis
1983 1496 2026 1562 de
2047 1496 2133 1563 Cro·

381 1621 462 1678 toue
481 1615 545 1697 VI,
559 1616 841 1699 t‚120011.11‚4.
870 1629 973 1702 atque
999 1614 1142 1681 stritidc
1163 1615 1227 1697 Vl,
1241 1621 1273 1697 l,
1287 1621 1348 1698 te,
1376 1615 1418 1680 de
1438 1616 1637 1704 Metaponto
1658 1617 1830 1699 v1,1,15.
1857 1627 1957 1703 atque
1982 1617 2133 1682 Tarento

380 1729 443 1812 Vl,
454 1735 488 1813 3,
499 1738 531 1802 2.
552 1739 734 1823 excerpsit,
754 1757 861 1801 unum
881 1733 970 1801 illud
990 1734 1109 1819 adhuc,
1120 1731 1220 1815 addo,
1247 1733 1336 1799 unde
1357 1737 1499 1801 Oenotri
1519 1736 1604 1800 mihi
1632 1754 1755 1800 nomen
1775 1737 1942 1822 accepisse
1962 1734 2135 1801 videntur.
2169 1754 2177 1765 ·

379 1846 572 1918 Secundum
591 1853 738 1920 Plinium
756 1855 801 1920 H.
824 1854 871 1921 H.
894 1851 991 1935 XIV,
1003 1858 1037 1932 3,
1050 1857 1081 1921 6.
1104 1854 1213 1917 omnis
1234 1853 1414 1917 Oenotriae
1440 1855 1522 1917 rina
1548 1873 1618 1916 nou
1649 1862 1768 1917 carent
1794 1854 1926 1943 gloriae
1948 1853 2136 1918 Tarentina

381 1977 416 2034 et
426 1968 619 2039 Serviliana
638 1973 695 2053 (un
709 1944 877 2042 Sirits'nac
888 1973 929 2056 i),
952 1972 1199 2039 etConsentiae
1219 1974 1333 2059 genita
1352 1970 1562 2057 et'I'empsae
1582 1990 1622 2035 ac
1642 1971 1777 2054 Babiae,
1798 1972 2020 2057 Lucanaque3
2041 1981 2136 2037 ante·

381 2085 507 2156 cedunt
516 2102 627 2158 tamm
641 2096 765 2159 ceteris
775 2094 943 2173 Thurina,
965 2094 1182 2175 omniumque
1195 2092 1340 2155 maxime
1360 2089 1531 2159 illustrata
1543 2088 1705 2156 dicuntur
1713 2092 1895 2179 Lagarina,
1917 2112 2000 2177 quae
2011 2090 2135 2156 Strabo

381 2211 632 2295 quoqueVI,l,
644 2216 694 2281 14.
706 2233 781 2301 pag.
794 2215 867 2279 263.
879 2209 995 2274 dulcia
1013 2227 1056 2271 ec
1075 2208 1177 2290 lenia,
1197 2213 1376 2297 magnique
1397 2207 1577 2277 admodum
1597 2209 1688 2297 apud
1708 2208 1857 2277 medicos
1877 2213 2136 2293 nominiaprae·

381 2324 484 2393 diest.
529 2329 642 2413 Quum
662 2332 771 2420 igitur
790 2328 945 2393 Tlmrina
964 2329 1047 2393 rina
1067 2330 1158 2392 inter
1179 2327 1309 2393 nobilia
1328 2329 1469 2410 ineunt,
1490 2327 1611 2414 quidni
1636 2330 1680 2394 ob
1706 2348 1780 2394 eam
1806 2350 1942 2399 causam
1966 2331 2135 2416 imprimis

379 2442 527 2530 Sybarin
553 2448 752 2515 Oenotriam
781 2458 939 2514 vocatum
966 2449 1144 2534 putemus?
1185 2444 1234 2510 Ut
1260 2454 1372 2510 autem
1398 2456 1570 2531 appareat,
1598 2450 1702 2531 quam
1723 2449 1792 2510 late
1818 2450 2027 2533 pertinuerit
2052 2448 2136 2513 olim

381 2563 555 2649 Oenotria,
577 2565 693 2646 πόλεις
711 2559 887 2655 Οἰνώτρων
907 2563 944 2633 ἐν
961 2559 1139 2652 μεσογείῳ,
1160 2583 1240 2648 quas
1255 2561 1444 2657 Stephanus
1457 2564 1664 2647 Byzantinus
1684 2575 1822 2652 praeter
1838 2557 1950 2653 Ὑέλην
1964 2564 2135 2631 Herodoti

380 2681 409 2766 1,
421 2686 493 2753 lor.
503 2705 531 2753 s.
541 2706 574 2774 r.
590 2677 724 2751 Θύελλα
745 2704 786 2749 ex
797 2685 960 2751 Hecataei
970 2682 1101 2747 Milesii
1111 2683 1246 2767 Europa
1256 2683 1437 2762 recensuit,
1460 2701 1658 2756 enumerare
1668 2683 1782 2766 liceat,
1802 2693 1940 2770 praeter
1949 2675 2135 2773 Ἀρίνθην,

380 2822 482 2888 qnam
498 2795 696 2892 Ἀρεάνθην
717 2800 908 2867 Herodiani
934 2802 990 2866 vel
1011 2798 1239 2886 Argentanum
1258 2799 1355 2863 Livii
1375 2795 1488 2877 XXX,
1510 2804 1570 2891 ¹95
1585 2803 1746 2885 conjicio,
1780 2811 1882 2888 atque
1901 2798 2133 2891 Λαμητίνους,

379 2941 461 3008 qnos
480 2917 709 3008 Ααμπέτειαν
729 2921 871 2988 vocabat
892 2919 1053 3004 Polybius
1074 2916 1178 3001 Xlll,
1208 2921 1251 2986 cf.
1273 2912 1465 2998 Σκύλλαιον,
1492 2937 1609 2982 omnes
1629 2922 1702 2985 lere
1722 2922 1877 3010 ignotast
1897 2915 2133 3011 Ἀρτεμίσιον,

378 3036 585 3129 prosnslo,
606 3038 753 3129 Ἔριμον,
778 3033 887 3122 Ἰξιάς,
915 3034 1044 3116 Κόσσα,
1073 3034 1251 3127 Κυτέριον,
1278 3031 1460 3124 Μενεκίνη,
1489 3033 1627 3119 Nissen,
1643 3038 1824 3120 ’Horonon
1838 3033 1953 3121 Πῦξες
1973 3040 2132 3122 (tortasse

378 3157 495 3240 Πυξές
520 3159 823 3242 ravennantem),
848 3155 998 3237 Σέστιοε,
1024 3153 1201 3245 Σιβερηνὴ,
1232 3155 1402 3243 quemad
1428 3156 1575 3240 Sybarin
1598 3158 1743 3223 fluvium
1769 3161 1869 3226 sitam
1893 3171 1989 3247 puto.
2036 3158 2133 3226 Idem

377 3279 567 3347 Hecataeus
575 3275 823 3359 Πευκετίαπας
843 3273 945 3358 ἔθνος
964 3278 1037 3358 τοῖς
1051 3274 1232 3366 Οἰνώτροις
1252 3274 1412 3366 προςεχὲς
1425 3264 1569 3357 dixerat,
1590 3275 1751 3367 Λοκροὺς
1767 3271 2031 3370 Ἐπιζεφυρίους
2051 3299 2132 3344 con·

378 3412 443 3479 tra,
463 3392 646 3469 Adlnrluv
666 3401 740 3467 sive
761 3392 973 3479 Καυλωνίαν,
996 3393 1275 3482 quemadmodum
1286 3391 1435 3482 Μέδμην
1454 3415 1531 3462 cum
1551 3397 1645 3464 sonte
1666 3394 1816 3482 ejusdem
1836 3399 1982 3464 nominis
2002 3409 2038 3466 et
2057 3392 2134 3466 ne-

378 3541 479 3601 nses,
499 3514 617 3602 πόλεις
635 3516 789 3601 Ἰταλίας.
2118 3535 2122 3540 ·
