4675 6000
1069 808 1351 877 ·-a-

351 977 489 1046 modum
511 975 692 1042 relativum
714 972 914 1053 adverbium
936 973 1005 1058 psl
1032 974 1069 1038 ia
1095 973 1299 1061 Pompejana
1326 975 1559 1063 inscriptione,
1588 976 1623 1041 in
1645 928 1787 1043 Badtina
1806 986 1927 1042 contm
1947 977 2104 1053 tabulsd

349 1103 387 1165 in
406 1098 474 1162 line
493 1114 617 1162 vocum
637 1086 716 1157 addi
737 1094 853 1158 soleat.
898 1091 928 1159 0
947 1093 1005 1159 vsi
1024 1090 1066 1159 Κ
1082 1093 1183 1159 litera
1201 1104 1339 1187 praeter
1359 1096 1489 1163 Novlas
1507 1115 1570 1180 pro
1592 1096 1696 1160 locali
1716 1096 1818 1163 Nolui
1836 1097 1899 1161 sub
1919 1095 2102 1161 Abellanae

349 1215 582 1302 inscriptionis
602 1214 703 1276 hem
725 1233 825 1298 quam
846 1213 990 1276 maxime
1011 1209 1150 1277 additur
1170 1215 1454 1297 pronominibus,¹
1472 1224 1512 1278 nt
1538 1215 1576 1277 in
1601 1213 1680 1287 abab
1706 1214 1931 1301 Pompeianae
1958 1234 2023 1301 pro
2037 1206 2103 1279 ‘elsa

350 1332 541 1416 Campanae
561 1333 769 1416 scriptionis.
790 1329 832 1398 K
851 1340 927 1414 etp
948 1333 1129 1429 praecipue
1150 1334 1187 1393 in
1209 1334 1465 1418 pronominibus
1487 1332 1644 1398 relativis
1657 1341 1902 1417 permutantur,
1917 1353 2104 1418 quanquam

348 1455 531 1536 petircpert
552 1468 616 1534 pro
637 1459 752 1533 quater
773 1467 915 1534 quoque,
937 1449 1054 1533 etrus
1071 1468 1135 1536 pro
1155 1453 1298 1536 quinque
1316 1461 1516 1537 usurpatum
1528 1451 1689 1540 legimus:
1711 1448 1993 1536 quemadmodum
2014 1453 2106 1517 enim

350 1574 387 1634 in
409 1570 615 1634 Mamertina
634 1569 858 1653 inscriptione
878 1566 1001 1653 sepse
1020 1588 1065 1651 pe
1092 1569 1186 1653 (qua)
1216 1571 1365 1656 positum
1389 1571 1591 1648 invenimus,
1620 1573 1670 1635 sic
1691 1573 1727 1634 in
1748 1569 1912 1634 Abellano
1933 1589 2013 1634 saxo
2034 1580 2105 1635 tem

349 1688 571 1771 catasceve
593 1685 715 1753 etiami
734 1706 799 1773 pro
822 1706 922 1768 pum,
937 1674 1047 1771 'qnam
1076 1689 1200 1772 emapoi
1218 1706 1283 1774 pro
1302 1688 1428 1753 Latino
1450 1690 1552 1754 alicui
1571 1689 1710 1776 legitur.
1753 1689 1824 1753 Etsi
1848 1707 1938 1770 pam,
1969 1691 2000 1751 si
2027 1707 2104 1752 cum

350 1804 478 1873 mma
498 1807 570 1871 sive
591 1804 713 1870 attens·
733 1814 962 1889 comparatur,
985 1824 1048 1889 pro
1067 1825 1163 1889 penae.
1179 1809 1345 1892 scriptun
1356 1805 1591 1894 deprehendis,
1613 1803 1893 1890 quemadmodum
1902 1806 2105 1871 Latinorum

353 1902 547 2006 conjunctio
569 1919 1031 2009 ssmsecnndnsabcauram
1050 1923 1092 1988 de
1114 1924 1359 2012 orthographia
1379 1944 1455 2012 pag.
1477 1926 1571 1990 2261.
1594 1922 1647 1989 cd.
1669 1924 1803 1989 Pntsch.
1826 1926 1863 1987 in
1884 1923 2011 1989 Saliari
2031 1944 2107 1989 car·

352 2046 443 2109 mine
466 2062 552 2139 came
572 2041 804 2120 scribebatur3
826 2060 894 2102 non
915 2051 1026 2104 tamen
1047 2052 1142 2105 tanta
1162 2044 1231 2106 fnit
1252 2044 1417 2106 Oscorum
1438 2043 1610 2106 rusticitas
1629 2043 1666 2104 in
1688 2039 1883 2123 abjiciendis
1904 2041 1962 2105 vel
1982 2038 2106 2105 adden·

350 2163 403 2228 die
422 2164 550 2243 literis,
569 2169 693 2245 quanta
710 2158 922 2239 Umbrorum
943 2161 979 2221 in
992 2159 1144 2247 Iguvinis
1166 2159 1304 2242 tabulis,
1325 2162 1363 2224 in
1384 2159 1504 2246 quibua
1524 2157 1804 2224 determinativus
1825 2179 1921 2223 casus
1941 2178 2005 2244 pro
2027 2162 2106 2224 sim-
2142 2164 2146 2171 '

350 2282 436 2370 plici
456 2299 477 2344 o
497 2281 535 2341 in
556 2296 616 2364 osa,
638 2295 715 2355 ome,
737 2285 965 2355 omempalaea,
986 2298 1068 2359 cmc,
1090 2298 1207 2360 emcrs,
1229 2278 1319 2363 quod
1340 2279 1426 2343 Osco
1447 2277 1543 2342 omed
1562 2274 1752 2362 respondet,
1773 2280 1857 2352 exie
1896 2278 1940 2343 H
1950 2278 2052 2342 litera
2069 2279 2105 2341 in

351 2397 470 2465 citrad
488 2395 614 2480 feiboss
634 2391 968 2461 Abellanaesabulae
988 2406 1024 2459 et
1044 2406 1166 2459 contra
1186 2412 1316 2459 morem
1337 2396 1513 2473 inseritur,
1534 2404 1569 2456 et
1589 2412 1653 2476 pro
1676 2364 1828 2458 channa
1849 2395 2022 2476 scribitur,
2042 2414 2106 2481 pro

245 2594 252 2603 ,
305 2554 315 2559 ·
349 2537 416 2604 qua
435 2516 570 2581 literam
592 2532 610 2576 s
636 2510 737 2575 hebet
762 2513 865 2598 'fimas
891 2531 1031 2593 nomem
1074 2510 1134 2575 sed
1158 2531 1266 2596 neque
1291 2509 1500 2575 Umbrorum
1528 2528 1623 2573 more
1643 2511 1781 2573 nomina
1806 2513 2021 2596 aspirationis
2043 2531 2106 2596 ope

351 2634 549 2709 dilatantur,
571 2647 679 2713 neque
701 2626 910 2693 Graecorum
932 2627 1176 2708 consuetudine
1204 2629 1384 2693 sinitialis
1405 2629 1443 2689 in
1471 2628 1713 2712 aspirationem
1741 2638 1912 2694 mutatur:
1944 2633 2026 2714 quin
2055 2649 2106 2697 ass

350 2755 424 2819 sive
446 2767 537 2832 υμω
557 2763 622 2833 pro
643 2762 730 2810 sesso
750 2742 957 2810 Umbrorum
978 2745 1037 2811 vel
1058 2736 1164 2828 ὁμοῦ
1185 2741 1394 2816 Graecorum
1414 2744 1579 2828 scriptum
1601 2753 1660 2810 est.

966 2966 1005 3046 2.
1056 2965 1118 3046 De
1140 2963 1333 3045 ambonem
1356 2963 1505 3063 sermm.

521 3106 609 3171 Osca
630 3104 747 3192 lingua
767 3103 910 3167 Latinas
930 3104 1042 3166 reteri
1060 3111 1129 3167 tam
1156 3095 1284 3166 similis
1308 3102 1386 3181 fuit,
1417 3112 1458 3166 ut
1488 3098 1719 3189 paradigmata
1749 3100 1912 3185 quaedam
1941 3104 2106 3186 exhiberi,

354 3215 457 3311 quod,
487 3225 567 3309 quis
588 3220 631 3286 de
658 3205 777 3286 multis
798 3221 951 3307 exempla
972 3219 1102 3300 desunt,
1129 3238 1199 3282 non
1220 3222 1292 3282 sine
1313 3219 1456 3300 lacunis,
1486 3228 1585 3303 atque
1605 3229 1747 3305 propter
1766 3218 1989 3286 dialectorum
2010 3221 2108 3288 dille·

355 3343 500 3408 rentiam
520 3341 576 3407 rel
597 3349 740 3428 propter
760 3340 915 3405 locorum
941 3340 1105 3404 similium
1132 3340 1240 3402 variis
1267 3336 1376 3401 modis
1398 3339 1621 3424 repetitorum
1643 3340 1793 3424 inopiam
1813 3359 1882 3404 non
1903 3341 1976 3406 sinc
1995 3340 2107 3432 longis

353 3459 650 3528 dissertationibus
671 3461 807 3546 exsequi
827 3459 921 3539 licet,
950 3455 1040 3521 hand
1067 3458 1292 3521 necessarium
1317 3457 1517 3523 existimem.
1559 3455 1671 3520 Pauca
1696 3459 1805 3545 igitur
1824 3460 1993 3523 monuisse
2013 3461 2108 3524 suffi-

353 3582 435 3661 ciat,
456 3577 548 3643 unde
568 3577 649 3642 Osci
668 3580 832 3642 sermonis
859 3575 990 3641 indoles
1016 3577 1158 3662 propria
1185 3585 1417 3665 cognoscatur.
1461 3573 1634 3662 Imprimis
1660 3574 1825 3641 notandus
1854 3587 1907 3642 est
1931 3578 2105 3644 nominum

354 3698 576 3785 propriorum
596 3714 690 3776 usus,
711 3698 748 3759 in
769 3715 837 3780 quo
856 3694 923 3760 hoc
943 3697 1125 3781 praecipue
1139 3691 1236 3760 Oscis
1258 3715 1336 3759 curn
1355 3695 1432 3758 aliis
1453 3691 1605 3776 ejusdem
1625 3694 1743 3779 stirpis
1763 3693 1954 3760 Ausouicae
1975 3697 2107 3783 populis

354 3832 533 3882 commune
553 3812 629 3887 luit,
659 3822 700 3879 ut
726 3825 785 3879 ant
814 3813 947 3879 nullum
974 3833 1098 3879 nomen
1118 3815 1155 3878 in
1175 3816 1228 3880 iss
1249 3817 1374 3893 emens,
1402 3823 1443 3879 ut
1468 3812 1615 3893 Κοίοιο)
1636 3810 1966 3893 Mea(a)sd1elissais'
1986 3813 2106 3899 (filius)

354 3944 392 4001 et
417 3932 457 4002 V.
478 3930 648 3999 Andircns
668 3930 714 3996 V.
737 3932 944 4018 Pompeiani,
965 3943 1025 3998 aut
1044 3930 1112 3997 duo
1132 3935 1270 3997 nomina
1291 3928 1441 4016 ejusdem
1462 3932 1710 3996 terminationis
1730 3934 1775 3998 iis
1800 3932 1836 3999 h.
1858 3951 1889 3996 e.
1910 3933 1966 3998 iss
1985 3951 2106 4022 gerere

356 4055 520 4134 solerent,
539 4060 582 4115 nt
599 4037 703 4118 Palis
725 4050 883 4119 ilatiriis
905 4051 995 4138 apud
1014 4052 1194 4133 banaiam,
1220 4038 1282 4115 'cni
1302 4052 1340 4114 in
1361 4051 1523 4115 feminino
1545 4068 1668 4138 genere
1688 4050 1762 4133 Epa
1779 4047 1935 4131 Latinae,
1966 4052 2107 4118 sortasse

356 4175 462 4239 etiam
492 4172 590 4239 Μαίη
616 4169 735 4238 laesa
761 4170 953 4257 respondet.
1010 4173 1131 4236 Rarius
1171 4170 1371 4235 observatur
1398 4168 1626 4234 Romanorum
1656 4185 1742 4248 mos,
1774 4176 1816 4266 ut
1846 4169 1882 4232 in
1913 4170 2106 4236 nominibus

355 4292 425 4359 dir.
445 4287 599 4360 Audistis
622 4288 880 4375 V.Pompejani,
901 4293 959 4355 cni
978 4290 1123 4355 similem
1144 4289 1248 4372 aliam
1268 4289 1523 4373 inscriptionem
1544 4287 1622 4376 lego
1644 4287 1687 4353 N.
1704 4284 1833 4353 stadiis
1857 4284 1931 4367 Ta,-
1953 4291 2109 4373 frequen·

355 4412 427 4476 tior
447 4418 498 4475 est
517 4409 692 4473 nominum
711 4408 934 4491 abbreviatio,
950 4406 1234 4493 quemadmodum
1255 4409 1383 4471 nummi
1403 4405 1583 4471 Samnitici
1603 4414 1675 4470 tam
1694 4404 1772 4490 (G.)
1788 4406 1895 4472 Metu
1913 4407 1984 4470 sive
2003 4407 2110 4474 Meas

357 4528 542 4607 Budrotssr,
564 4544 663 4612 quam
684 4525 728 4591 G.
748 4523 858 4612 Psapr‘
878 4525 952 4606 (G.)
973 4529 1132 4614 inscripti
1152 4535 1241 4591 sunt
1284 4526 1396 4591 Patris
1422 4544 1545 4591 nomen
1572 4527 1644 4590 aive
1663 4524 1876 4609 ‘praenomen
1900 4535 1978 4616 nou¹
1989 4524 2106 4605 inseri,

357 4645 416 4715 sed
434 4645 514 4714 addi
533 4645 621 4711 solet
640 4644 851 4735 nominibus3
880 4644 1026 4711 duorum
1044 4666 1130 4712 vero
1150 4648 1259 4731 petris
1279 4647 1454 4711 nominum
1474 4644 1628 4729 exempla
1650 4640 1818 4723 desidero,
1849 4638 1939 4705 unde
1959 4643 1996 4706 in
2016 4640 2107 4708 Her·

359 4766 530 4835 calanensi
548 4755 773 4850 inscriptione
791 4762 834 4832 L.
856 4764 986 4832 stesso
1005 4764 1130 4833 Leuat
1148 4784 1213 4849 pro
1233 4762 1277 4831 L.
1300 4762 1403 4831 Aulai!
1429 4762 1606 4852 legendnm
1632 4779 1764 4826 censeo.
1805 4756 2022 4826 Multimodis
2048 4779 2107 4827 vs·

359 4885 448 4950 rista
468 4886 603 4949 nomina
623 4884 787 4974 legimns,
818 4892 859 4947 nt
876 4884 1004 4951 Hcrs‘ne
1025 4896 1061 4950 et
1080 4884 1246 4964 Heressra',
1279 4890 1314 4947 et
1340 4879 1617 4969 quemadmodum
1642 4878 1780 4947 Stenius
1801 4876 1955 4946 Calisisss
1984 4877 2108 4968 ocutis·

359 5004 449 5090 filisa
468 5004 506 5066 in
524 5000 730 5069 Mamertina
748 5006 973 5090 inscriptione
993 5005 1107 5083 Σεενις
1126 5001 1269 5081 Kaisesa
1287 5003 1409 5068 Σταπι
1427 5001 1601 5082 scribitur,
1622 5001 1673 5064 sic
1688 4993 1840 5082 Popidiis
1862 5016 1926 5083 pro
1947 4994 2105 5081 Popidtsss

357 5124 508 5210 scriptas
529 5131 597 5187 aas
618 5131 782 5206 quatuor,
813 5121 873 5188 sed
899 5123 1010 5192 tribus
1040 5122 1181 5208 syllabis
1212 5118 1479 5212 pronuntiandus
1510 5139 1581 5187 esse
1610 5114 1767 5186 ridetur:
1810 5116 1940 5192 vocalis
1971 5118 1986 5186 i
2017 5113 2108 5182 euim

275 5469 282 5474 .
320 5405 377 5512 ip·

297 5477 345 5534 :a
362 5477 383 5540 q:
