4675 6000
1124 848 1373 917 ..24-

784 1014 820 1089 1.
870 1010 1173 1090 Herculaneum
1197 1014 1399 1093 abacorum
1424 1012 1702 1115 inscriptiones.
2027 1088 2033 1099 .

536 1146 577 1214 In
597 1147 695 1212 abaci
715 1145 888 1231 cujusdam
913 1148 1090 1232 superficie
1117 1146 1229 1211 media
1256 1146 1330 1212 dua
1350 1146 1452 1213 modo
1478 1149 1583 1214 verba
1607 1151 1768 1235 leguntur
1796 1164 1895 1232 quam
1922 1146 2123 1215 nitidissime
2152 1208 2156 1213 ,

367 1270 513 1354 scripta:
546 1266 759 1334 Herentateis
779 1284 858 1346 cum,
889 1282 1032 1351 qnorum
1053 1266 1119 1330 hoc
1140 1286 1280 1352 prorsus
1301 1267 1464 1333 Latinum
1484 1278 1545 1350 est,
1573 1265 1663 1331 illud
1684 1269 1852 1355 genitivus
1872 1268 1945 1349 ejus
1966 1252 2123 1347 nominis,
2145 1282 2147 1285 ·

368 1389 464 1470 cnjus
486 1389 715 1452 accusativum
741 1384 931 1450 berentaten
961 1385 1070 1450 altera
1096 1386 1249 1450 continet
1276 1387 1465 1471 inscriptio.
1511 1384 1623 1468 Quum
1651 1384 1759 1452 heresi
1779 1386 1864 1449 Osce
1887 1378 2124 1475 proposuisse

366 1508 438 1572 sive
460 1506 546 1570 uolet
567 1504 637 1567 dici
658 1505 794 1583 soleret,
830 1503 984 1569 hereniae
1014 1503 1094 1567 inde
1125 1506 1174 1566 sic
1207 1502 1360 1584 deducta,
1395 1503 1672 1589 quemadmodum
1697 1505 1850 1570 uoluntas
1877 1500 2081 1569 Latinorum
2100 1525 2121 1567 a

365 1624 463 1705 uolet,
482 1617 632 1713 χάρισμα
653 1620 841 1710 designasse
864 1620 1012 1687 videtur.
1056 1621 1159 1686 Recte
1179 1623 1288 1709 igitur
1308 1624 1370 1686 illa
1391 1622 1570 1708 inscriptio
1591 1624 1681 1688 verti
1701 1633 1830 1708 potesta
1854 1620 2123 1707 Gratificationit

366 1744 474 1824 (opus)
497 1762 574 1817 suus,
596 1737 875 1827 quemadmodum
893 1743 935 1803 iu
955 1730 1108 1828 Iguvinis
1128 1740 1254 1805 tabulis
1275 1740 1336 1822 111,
1349 1742 1493 1827 b,8sqq.
1507 1740 1595 1808 inerti
1614 1743 1687 1805 sive
1705 1733 1819 1830 χάριτι
1838 1741 1987 1823 (munera)
2008 1739 2123 1804 dican·

365 1870 426 1925 tur
447 1860 578 1924 donata.
621 1859 778 1946 Longior
803 1867 855 1921 est
881 1858 990 1922 altera
1019 1860 1209 1943 inscriptio,
1239 1877 1334 1944 quae,
1363 1862 1497 1945 punctis
1519 1856 1716 1944 quibusdam
1743 1862 1892 1940 mutatis,
1912 1861 1963 1923 sic
1982 1855 2122 1948 legende

363 1976 518 2043 videtur:
541 1974 584 2042 L.
608 1975 734 2043 Siabiis
754 1972 881 2041 Laukii
898 1976 1046 2042 Meidios
1068 1968 1193 2042 'tuatiies
1213 1977 1403 2042 berentaten
1422 1976 1610 2044 Heruiinai
1630 1975 1782 2061 pruffed.
1827 1977 1868 2041 In
1890 1977 1953 2041 bac
1973 1976 2121 2063 iuscrip-

364 2100 457 2162 tione
478 2116 565 2160 nnns
586 2094 686 2160 modo
706 2095 856 2161 Meddisc
878 2094 1000 2161 tuutiisa
1020 2097 1093 2159 sive
1112 2095 1367 2163 Mediastuticus
1388 2106 1606 2176 memoratur,
1626 2092 1669 2162 L.
1690 2094 1828 2162 Siabius
1847 2093 2000 2162 Lucilius
2018 2113 2123 2160 voca·

364 2227 431 2295 tus,
457 2210 737 2299 quemadmodum
764 2213 993 2279 mediastuticus
1012 2213 1107 2276 Livii
1128 2211 1322 2311 mltos.
1364 2215 1496 2299 Marius
1515 2212 1636 2299 Allius,
1657 2215 1745 2280 alter
1765 2211 1895 2294 XXVI,
1907 2218 1937 2282 6.
1976 2212 2123 2296 Seppius

363 2330 493 2412 Leuius,
516 2334 638 2397 turtius
659 2327 792 2408 XXIV,
805 2334 854 2398 19.
900 2327 962 2396 Cu.
984 2330 1123 2413 Magius
1143 2328 1319 2397 Atellanus
1340 2331 1477 2398 dicitur.

533 2446 573 2514 Si
592 2445 635 2515 L.
657 2444 763 2513 Astu
781 2457 874 2512 recto
899 2449 1065 2530 scriptum
1087 2459 1185 2529 esset,
1213 2447 1296 2511 haec
1318 2457 1427 2512 essent
1446 2450 1583 2512 nomina
1603 2450 1727 2533 patris3
1760 2447 1818 2512 sed
1837 2448 1966 2515 Auciiii
1986 2467 2122 2529 nomen,

363 2570 427 2635 etsi
447 2566 553 2634 Acilii
574 2578 608 2631 et
631 2565 768 2632 Otacilii
788 2562 868 2628 satis
889 2566 964 2629 noti
984 2575 1074 2646 suut,
1097 2563 1252 2650 equidem
1271 2567 1410 2653 ignaros
1434 2586 1512 2631 nam
1531 2563 1708 2634 Auciilium
1728 2574 1763 2630 et
1782 2560 1958 2632 Ancilliam
1977 2566 2122 2633 Marcei·

364 2689 425 2753 lam
447 2685 597 2748 Reinesii
617 2682 740 2763 x11‚s.
763 2678 939 2747 Auciiiium
960 2691 995 2747 et
1015 2677 1193 2749 Anciliiam
1221 2684 1359 2747 exhibet
1378 2685 1574 2770 inscriptio:
1607 2683 1732 2751 Lauinii
1758 2693 1877 2748 contra
1903 2692 1968 2769 pro
1987 2682 2122 2785 chiiio

363 2805 468 2869 scribi
487 2803 612 2888 potnit,
646 2798 927 2883 quemadmodum
955 2802 992 2863 in
1012 2801 1157 2865 Bantius
1178 2803 1291 2867 tabula
1312 2805 1404 2869 sauci
1423 2804 1496 2868 sivo
1516 2805 1610 2871 sauci
1639 2821 1703 2888 pro
1724 2804 1813 2867 socio
1835 2802 1973 2889 legitur.
2015 2803 2121 2868 Acce·

363 2922 426 3003 dit,
459 2917 548 3008 qnod
568 2920 748 3006 inscriptio
769 2928 883 2983 nostra
904 2920 997 2982 omni
1017 2920 1192 2986 nominum
1213 2931 1351 3007 practer
1371 2919 1472 2989 Lucii
1491 2939 1696 3007 praenomen
1717 2918 1975 2984 abbreviatione
2005 2930 2116 2988 caret:

362 3037 452 3105 unde
472 3036 596 3103 Lauinii
615 3057 682 3098 non
705 3039 897 3125 egenitivo
918 3038 1133 3104 abbreviatus
1154 3050 1221 3119 est,
1254 3038 1313 3103 scd
1340 3059 1404 3126 pro
1430 3040 1570 3103 Lucilio
1591 3041 1737 3125 scriptus
1762 3035 1882 3101 eodem
1902 3036 2019 3119 modo,
2052 3059 2120 3124 quo
2206 3095 2211 3104 .

363 3155 505 3225 Mutilus
525 3155 562 3216 in
583 3156 729 3216 nummis
750 3153 943 3216 Samniticis
965 3156 1071 3216 Moti!
1091 3167 1127 3218 ut
1146 3157 1290 3232 fumidus
1309 3155 1492 3216 secundnm
1519 3155 1663 3217 Paulum
1682 3155 1873 3219 Diaconum
1893 3153 1993 3235 famei
2010 3160 2120 3221 nomi·

362 3276 518 3341 uebatur.
561 3269 656 3337 Idem
687 3289 811 3333 noman
843 3289 863 3332 a
896 3266 1034 3333 Graecis
1064 3269 1105 3333 A
1111 3263 1305 3347 eunii-coc
1336 3270 1441 3334 scribi
1472 3270 1619 3354 solebat,
1650 3270 1740 3357 quod
1770 3292 1838 3337 non
1869 3275 1979 3338 solum
2011 3276 2118 3359 equiti

362 3397 513 3460 Romano
534 3412 553 3455 c
574 3389 695 3476 Suessa
715 3388 957 3453 Auruncorum
978 3384 1137 3468 oriundo,
1168 3389 1352 3454 scararum
1373 3387 1430 3452 illi
1450 3391 1623 3476 scriptori,
1645 3389 1723 3470 fuit,
1754 3390 1813 3455 sod
1833 3389 1913 3455 duci
1934 3411 2075 3477 quoque,
2098 3413 2120 3458 a
2206 3411 2211 3420 “

359 3534 428 3601 quo
450 3509 542 3600 apud
560 3508 700 3573 Paulum
720 3505 911 3569 Diaconum
931 3501 1062 3573 Lucani
1082 3505 1244 3592 appellati
1265 3504 1439 3587 dicuutur,
1466 3508 1531 3570 etsi
1551 3507 1677 3572 rectius
1698 3510 1840 3572 fortasse
1860 3509 2053 3575 Eustathius
2066 3508 2118 3575 nd

362 3630 523 3714 Dionysii
543 3627 675 3713 Pcrieg.
696 3627 774 3691 366.
796 3623 875 3689 coli.
897 3622 985 3691 Plin.
1006 3625 1053 3688 H.
1076 3623 1121 3689 N.
1143 3617 1207 3705 ΠΙ,Ι
1219 3627 1251 3691 5.
1272 3622 1355 3704 (10.)
1384 3625 1576 3714 annotavits
1605 3615 1654 3686 Ἡ
1670 3621 1709 3693 di
1728 3629 1793 3690 τῶν
1811 3624 1997 3694 Λευκανῶν
2017 3625 2119 3706 πόλις

362 3740 524 3831 Asuuius]
546 3742 739 3832 fiupouiuuc
759 3739 893 3830 ἐλέγετο
914 3735 985 3809 ἀπὸ
1006 3734 1160 3809 Aevniou
1181 3734 1298 3822 stuic·
1323 3740 1472 3810 Lucilius
1500 3742 1632 3826 Hirpos
1660 3760 1792 3826 quoquc
1813 3741 1904 3831 apud
1924 3743 2118 3811 Varronem

363 3869 403 3934 lc
424 3867 463 3931 11.
484 3863 530 3945 11,
542 3866 614 3930 m.
637 3863 772 3950 legitur,
794 3881 893 3945 qucm
914 3861 1003 3927 male
1025 3860 1065 3928 C.
1086 3857 1261 3945 Lucceium
1281 3861 1418 3928 Hirrum
1439 3862 1717 3947 interpretantur.
1751 3861 1944 3942 Secundum
1958 3862 2121 3930 Servium

271 4023 276 4032 ·
364 3984 408 4052 ad
428 3982 529 4072 Virg.
551 3980 590 4046 Δ.
612 3976 673 4056 IX,
683 3983 756 4051 570.
780 3982 896 4070 lingua
918 3982 1003 4045 Osca
1022 3978 1180 4048 Lutatius
1208 3991 1259 4047 est
1279 3982 1415 4067 Jupiter
1441 3984 1513 4047 sive
1534 3980 1706 4067 Diespiter
1726 3977 1836 4047 dictus
1857 4001 1878 4046 a
1897 3982 1986 4065 luce,
2019 4001 2117 4068 quam

364 4113 535 4193 praestaro
555 4085 684 4163 dicitur
704 4100 914 4164 hominibus:
947 4100 1026 4163 binc
1047 4119 1252 4187 praenomen
1271 4098 1396 4166 Lucius
1416 4119 1547 4186 quoquc
1568 4099 1692 4190 Oscum
1713 4109 1774 4182 est,
1796 4097 1854 4164 sed
1873 4098 2014 4169 Laukiis
2033 4104 2117 4167 scri·

276 4231 283 4242 “
364 4219 521 4302 bendum,
543 4216 823 4304 quemadmodum
843 4218 990 4300 Simius,
1012 4217 1101 4283 nude
1121 4230 1192 4284 tam
1211 4216 1353 4286 Labieni
1372 4239 1471 4303 quam
1492 4215 1663 4283 Labeones
1682 4216 1912 4300 Romanorum
1930 4218 2118 4287 deducendi

364 4340 535 4420 videntur,
556 4337 685 4405 statiis
706 4338 878 4404 scribitur.
922 4338 1112 4404 Heruieinai
1139 4337 1273 4423 dativus
1294 4349 1345 4404 est
1363 4357 1428 4424 pro
1449 4336 1625 4424 Erycinae,
1653 4336 1931 4422 quemadmodum
1950 4340 1986 4402 iu
2007 4341 2116 4404 latere

365 4461 483 4527 coctili
510 4455 600 4542 apud
625 4456 814 4520 Mariuium
842 4450 921 4524 Atti
951 4478 986 4543 p.
1007 4459 1079 4525 418.
1100 4455 1309 4522 VENERVS
1339 4452 1501 4519 HERVG.
1531 4475 1595 4541 pro
1628 4455 1762 4525 Veneris
1781 4457 1948 4545 Erycinae
1972 4455 2112 4542 legitur.

331 4651 336 4659 ,
365 4579 511 4664 Pruffed
530 4580 602 4642 sive
618 4575 733 4660 prufid
751 4577 788 4637 in
807 4575 951 4638 Bantina
971 4575 1087 4639 tabula
1107 4572 1218 4654 V,so.
1241 4572 1531 4660 interpretandum
1553 4594 1622 4640 esse
1642 4574 1807 4659 probauit,
1833 4573 1995 4661 Iguvinac
2018 4574 2115 4641 tabu·

365 4701 421 4766 lae
442 4700 574 4780 docent,
595 4696 656 4760 ubi
675 4691 819 4784 etiope
842 4694 903 4777 111,
915 4716 946 4775 a,
958 4699 1009 4763 27.
1028 4695 1135 4779 prodo
1154 4696 1330 4782 significat.
1374 4673 1463 4760 Tota
1483 4695 1591 4784 igitur
1611 4694 1791 4788 inscriptio
1812 4689 2081 4761 venerareris:

529 4814 572 4883 L.
594 4814 723 4881 sentin
743 4810 876 4897 Lauinii,
897 4815 1046 4882 Meidios
1066 4813 1198 4891 tuutiits,
1260 4813 1448 4877 iereutaten
1509 4813 1695 4878 Heruiinai
1723 4810 1875 4895 pruffed.
1894 4843 1921 4862 .-

530 4934 572 4998 1..
583 4930 716 5000 Slabins
727 4932 892 5015 Lucilius,
914 4934 1054 5003 Meddix
1065 4937 1201 5016 tuticus,
1222 4934 1503 5023 gratificationem
1522 4929 1698 5015 Eryiinae‘
1710 4929 1878 5018 probavit.

622 5163 626 5170 a
