4675 6000
989 843 1240 906 ...55-

115 1062 118 1066 .
241 1000 346 1077 ἴνθα
368 1009 511 1091 v.-5sqq.
535 1023 669 1091 semper
689 1005 816 1068 factum
836 999 1000 1082 videmus,
1021 1000 1111 1067 unde
1131 1003 1191 1066 Hl
1208 1020 1343 1086 quoque
1365 1022 1398 1066 v.
1411 1002 1442 1069 5.
1466 1020 1529 1089 pro
1549 990 1574 1092 ᾗ
1594 1006 1642 1068 sic
1663 1006 1883 1090 interpretor,
1904 1018 1944 1073 ut
1959 1008 2001 1074 Η

170 1152 176 1159 ’
240 1130 285 1192 sit
305 1127 521 1213 aspirationis
541 1135 633 1205 nota,
654 1124 678 1187 Ι
693 1142 777 1187 varo
798 1140 862 1206 pro
883 1122 995 1185 vocali
1015 1120 1046 1185 Ε
1064 1119 1229 1207 producta
1249 1123 1321 1185 sive
1339 1120 1381 1183 H
1384 1123 1507 1207 ,posita
1527 1125 1582 1202 sit,
1613 1126 1735 1186 omisso
1756 1126 1828 1189 iota
1849 1125 1996 1190 subscri·

239 1244 360 1311 bando.
403 1244 443 1307 X
459 1239 547 1315 etE
571 1261 653 1309 varo
679 1260 748 1306 non
775 1237 939 1328 distingui
964 1222 1075 1304 solent
1104 1260 1124 1303 a
1150 1240 1252 1303 litera
1280 1239 1326 1317 Κ,
1354 1237 1631 1323 quemadmodum
1659 1239 1810 1306 Olitera
1839 1253 1909 1307 tam
1931 1263 1996 1329 pro

238 1361 448 1451 diphthongo
469 1383 511 1428 ov
532 1380 631 1445 quam
652 1379 715 1447 pro
737 1358 903 1447 producta
923 1357 1036 1424 vocali
1057 1380 1084 1421 ω
1105 1358 1270 1443 scriptum
1291 1354 1455 1437 videmus,
1478 1360 1542 1421 etsi
1563 1379 1596 1423 οι
1617 1379 1750 1443 quoque
1765 1340 1828 1445 pro
1851 1382 1891 1426 ov
1912 1362 1996 1450 legi-

237 1491 305 1556 tur,
337 1482 408 1545 imo
432 1478 724 1566 Οιινοιιριιον
744 1497 807 1563 pro
834 1468 1085 1565 Οῐνώιριον,
1108 1497 1179 1542 ouo
1208 1485 1326 1541 contra
1354 1495 1417 1561 pro
1446 1469 1573 1541 ὅκκον
1593 1477 1664 1540 sive
1687 1471 1797 1544 ὅπου
1818 1489 1994 1544 exaratum

235 1609 295 1665 est
337 1599 448 1663 Tanta
469 1600 559 1662 enim
580 1597 781 1662 observatur
801 1593 970 1659 scribendi
991 1595 1176 1675 rusticitas,
1198 1603 1238 1658 ut
1257 1593 1360 1658 litera
1380 1591 1481 1657 modo
1499 1595 1686 1682 geminatae
1698 1614 1761 1681 pro
1771 1596 1994 1682 simplicibus,

237 1714 338 1781 modo
358 1716 527 1802 simplices
548 1734 612 1802 pro
632 1716 807 1803 geminatis
827 1714 955 1798 positae
976 1715 1052 1789 sint,
1073 1722 1114 1777 ut
1134 1714 1171 1775 in
1192 1714 1328 1776 nomino
1344 1707 1515 1803 Χωννίρ
1535 1734 1569 1778 v.
1582 1717 1612 1780 6.
1625 1706 1884 1803 ριοΧωνιίρε
1905 1712 1994 1779 unde

237 1828 408 1924 decepsi
428 1853 560 1918 quoque
580 1854 613 1898 v.
626 1837 657 1901 4.
680 1852 744 1918 pro
767 1825 913 1922 ἅντιρέιι
932 1832 1095 1916 scriptum
1116 1840 1210 1917 puto,
1239 1827 1330 1913 quod
1356 1839 1502 1894 metrum
1531 1831 1688 1912 requirit,
1717 1829 1996 1915 quemadmodum
2095 1866 2099 1869 ·

236 1958 313 2020 Μ·
335 1943 592 2034 Μιιταβόον
613 1971 677 2037 pro
698 1943 863 2032 Μετάβαυ
884 1960 919 2014 et
938 1946 1162 2037 Αἱσάροος
1183 1970 1217 2014 v.
1230 1947 1263 2012 4.
1287 1968 1350 2032 pro
1371 1940 1531 2036 Αἴσαρος
1556 1949 1609 2012 vel
1638 1940 1895 2037 Βόρδαννος
1914 1956 1993 2019 ν.7.

236 2090 300 2157 pro
321 2060 500 2160 Βρᾶδανας
520 2070 669 2154 positum
689 2065 853 2133 videmus.
898 2067 971 2129 Imo
992 2068 1028 2128 iu
1050 2069 1154 2131 tertio
1176 2067 1408 2151 inscriptionis
1427 2065 1594 2130 vocabulo
1616 2057 1687 2154 ὃρί
1694 2089 1739 2132 αν
1759 2070 1870 2155 prima
1890 2070 1995 2133 litera

238 2200 273 2253 st
293 2196 369 2254 ante
391 2198 425 2252 et
445 2195 521 2273 post
541 2187 756 2273 aspirationis
778 2194 895 2249 notam
916 2186 1038 2269 posita,
1067 2192 1218 2247 extrema
1238 2191 1357 2245 contra
1378 2193 1519 2267 propter
1540 2184 1685 2248 similem
1706 2188 1874 2270 sequentis
1894 2206 1995 2251 voca·

236 2305 310 2370 buli
335 2308 473 2370 literam
500 2328 527 2387 μ
553 2307 681 2369 omissa
703 2313 762 2369 est
805 2303 844 2365 In
865 2310 985 2387 quarto
1007 2300 1182 2365 vocabulo
1197 2301 1230 2362 T
1247 2297 1382 2382 quidem
1403 2318 1466 2386 pro
1487 2301 1518 2364 Σ
1535 2305 1700 2387 scriptum
1721 2311 1816 2389 puto,
1850 2304 1939 2367 sicut
1958 2306 1995 2366 in

234 2425 371 2489 nomine
390 2419 613 2510 Aicdpcoe
633 2443 667 2486 v.
689 2422 742 2498 l.;
775 2417 833 2480 sed
860 2412 1150 2506 Μαρσαπίδας
1177 2438 1240 2506 pro
1267 2416 1496 2496 Μεσσαπίδος
1523 2421 1572 2482 sic
1599 2420 1769 2504 quondam
1794 2431 1995 2507 usurpatum

235 2538 382 2621 videtur,
405 2534 686 2624 quemadmodum
699 2526 811 2625 ’Ίρηξ
829 2557 861 2601 v.
885 2537 916 2603 ὅ.
939 2556 1001 2619 pro
1015 2531 1133 2622 ’Ἁληξ
1153 2547 1217 2603 cet.
1241 2541 1284 2605 cf.
1307 2539 1446 2623 Dionys.
1467 2540 1545 2603 Hal.
1568 2539 1597 2620 I,
1609 2539 1661 2607 68.

401 2655 561 2721 Chonum
588 2665 622 2718 et
652 2655 880 2718 Oenotrorum
909 2654 1046 2717 nomina
1074 2653 1218 2719 barbara
1243 2675 1263 2719 a
1290 2654 1429 2722 Graecis
1457 2667 1525 2723 tam
1554 2658 1650 2722 varie
1677 2657 1782 2721 scribi
1808 2660 1928 2741 solent,
1956 2671 1996 2724 ut

239 2779 398 2858 nesciam,
419 2796 463 2838 an
484 2775 604 2838 literae
625 2774 663 2835 in
681 2771 748 2833 fine
768 2776 882 2855 quarti
901 2792 1019 2837 versus
1040 2776 1229 2860 superfluae
1249 2776 1448 2863 significent,
1469 2794 1534 2862 pro
1557 2769 1715 2841 Νεαίθου
1736 2778 1840 2841 etiam
1860 2774 1993 2843 Ναυαί-

237 2899 306 2963 θοι
318 2894 398 2974 dici,
420 2883 520 2977 nisis}
536 2883 627 2954 νάει
642 2907 705 2974 pro
717 2885 791 2973 ῥέει
811 2889 1042 2972 usurpandum
1063 2890 1177 2979 legere
1199 2893 1306 2959 malis.
1350 2892 1469 2956 Tantis
1490 2903 1601 2958 sutem
1622 2895 1828 2979 corruptelis
1848 2893 1996 2961 abundat

238 3016 345 3079 altera
366 3009 597 3097 inscriptionis
617 3027 707 3093 pars,
736 3017 785 3087 ut,
812 3008 878 3069 nisi
899 3025 963 3093 pro
979 3018 1079 3104 'certo
1100 3020 1341 3097 agnosceretur
1363 3009 1515 3076 Choniae
1535 3013 1662 3077 veteris
1684 3012 1880 3098 descriptio,
1907 3013 1995 3077 nihil

238 3133 375 3220 omniuo
397 3129 558 3194 extricari
578 3128 751 3210 potuisset.
795 3123 875 3187 Siue
897 3122 1000 3186 dubio
1022 3133 1132 3188 tamen
1153 3131 1303 3209 primum
1325 3129 1475 3193 Cbonias
1511 3129 1689 3219 longitudo
1709 3132 1920 3219 significatur
1941 3151 1997 3197 co·

239 3251 341 3314 loniis
362 3245 557 3332 Hydrunto‚
579 3245 740 3321 Tarento,
764 3241 974 3328 Metaponto,
996 3240 1067 3304 Siri
1088 3252 1189 3326 atque
1208 3246 1353 3330 Lagaria
1384 3249 1420 3308 in
1443 3246 1645 3313 Chonedone
1671 3250 1786 3329 litore,
1815 3251 1994 3335 fluviisque

239 3368 373 3453 Sybari,
395 3368 532 3446 Assaro,
556 3363 668 3444 Alere,
690 3360 732 3426 ad
754 3380 898 3445 quorum
921 3363 1005 3425 ostia
1015 3358 1164 3444 Sybaris,
1188 3359 1327 3441 Croton,
1349 3363 1467 3443 Locri,
1490 3368 1577 3428 sicut
1588 3367 1735 3429 hulonis
1751 3364 1793 3428 ad
1807 3365 1995 3433 Chonotum

240 3485 513 3565 sivaCocintum,
535 3503 634 3567 quem
645 3480 826 3546 Caucinum
838 3499 969 3565 quoque
990 3481 1061 3543 sive
1070 3477 1247 3542 Carcinem
1258 3492 1415 3546 vocatum
1425 3480 1579 3568 legimus,
1601 3482 1724 3545 Petilia
1740 3482 1783 3545 ad
1793 3481 1994 3568 Neaetbum,

239 3607 386 3671 Crimisa
405 3603 448 3667 ad
468 3603 618 3686 Hyliam,
640 3599 733 3664 sedes
754 3600 810 3665 vel
831 3597 1157 3687 agroshabusrunt3
1180 3609 1254 3663 tum
1274 3597 1419 3663 latitudo
1440 3597 1615 3663 indicatur
1635 3611 1771 3687 praeter
1792 3601 1853 3665 hos
1873 3597 1994 3669 fluvios
2110 3607 2117 3612 “

241 3725 419 3812 praecipue
432 3718 592 3809 Crathidc
612 3716 885 3803 atqueBradsno,
907 3719 967 3801 qui
988 3715 1067 3781 inde
1087 3736 1107 3780 a
1128 3715 1202 3781 Sila
1223 3718 1309 3782 silva
1330 3728 1431 3802 atque
1452 3718 1603 3784 Vulture
1624 3731 1750 3802 monto,
1770 3718 1901 3786 duobus
1921 3722 1994 3787 illis

239 3842 409 3929 Apennini
436 3841 560 3903 montis
589 3839 703 3912 ramis,
733 3856 866 3901 omnam
892 3834 1057 3900 Choniam
1084 3836 1300 3922 perfluebant.
1351 3837 1517 3926 Rhegium
1538 3858 1558 3901 a
1580 3837 1855 3904 Chalcidensibus
1877 3861 1907 3907 a.
1931 3844 1994 3911 668

239 3982 269 4024 a.
293 3958 373 4024 Chr.
397 3980 429 4024 n.
452 3957 626 4023 conditum
646 3955 856 4022 excluditur:
880 3954 958 4020 Irex
979 3957 1070 4020 enim
1091 3956 1162 4020 sive
1182 3955 1266 4019 Alex
1286 3957 1410 4020 fluvius
1432 3952 1558 4037 (Strab.
1582 3957 1644 4038 Vl,
1659 3962 1688 4039 l,
1701 3963 1732 4026 9.
1746 3979 1819 4047 pag.
1830 3962 1904 4028 260.
1927 3961 1993 4025 Eu·

240 4077 337 4145 stath.
360 4075 403 4141 ad
424 4076 524 4142 Dion.
547 4077 774 4164 Per-tegata.)
794 4068 910 4163 ὄρινὸς
930 4072 1068 4155 dicitur,
1091 4073 1370 4160 quemadmodum
1391 4074 1611 4159 Hydruntum
1642 4079 1762 4141 civitas
1790 4070 1869 4161 ὁρία
1890 4079 1993 4166 Mop-

240 4190 387 4273 σαπίόος
408 4184 506 4262 dorsi
524 4186 651 4283 Βάστρ.
694 4193 748 4258 Ne
770 4191 811 4257 de
832 4192 895 4256 hac
915 4194 1197 4280 interpretatione
1219 4193 1362 4275 dubites,
1384 4195 1484 4283 plura
1505 4195 1591 4258 mihi
1613 4195 1778 4260 monenda
1798 4208 1893 4262 sunt:
1916 4219 1993 4284 per·

239 4334 355 4402 peram
376 4315 466 4379 enim
490 4313 668 4400 Υαρανιν
688 4331 751 4397 pro
770 4304 974 4397 Ὑδρᾶνια
994 4315 1160 4400 scriptum
1181 4312 1336 4403 legimus.
1356 4306 1519 4400 Ὑόρὲντα
1540 4316 1642 4378 etiam
1659 4309 1866 4405 Ὑδρᾶνια
1888 4318 1992 4382 scribi

240 4435 400 4521 potuisse,
423 4451 442 4497 e
463 4441 624 4517 corrupta
644 4431 791 4495 lectione
811 4428 901 4518 apud
921 4428 1121 4496 Strabonem
1142 4432 1313 4514 V1,l,ll.
1334 4453 1407 4521 pag.
1419 4436 1491 4502 264.
1515 4434 1654 4523 colligo,
1682 4435 1743 4499 ubi
1763 4454 1826 4520 pro
1847 4432 1933 4511 τινὲς
1954 4432 1991 4502 δὲ

239 4549 298 4618 καὶ
313 4544 448 4620 Ῥοδίων
472 4549 595 4633 κτίσμα
624 4545 710 4637 φασὶ
740 4546 798 4616 nat
822 4549 966 4640 Σειρῒτιν
993 4546 1052 4616 καὶ
1080 4548 1141 4635 spo
1168 4547 1238 4618 ἐπὶ
1261 4545 1532 4642 Τεύθραντος
1552 4546 1741 4643 Σύβαριν
1767 4572 1808 4616 ex
1830 4553 1992 4618 Pausania

241 4670 302 4743 vl,
311 4673 363 4749 19,
373 4673 404 4736 9.
427 4665 486 4736 tut
504 4668 566 4735 uod
582 4661 749 4754 Ἱδρᾶνιος
770 4669 915 4757 Σύβαριν
943 4667 1185 4734 emendandum
1214 4682 1274 4750 est,
1309 4675 1372 4736 etsi
1394 4671 1455 4751 Vl,
1467 4674 1500 4753 3,
1511 4676 1542 4741 5.
1555 4692 1629 4760 pag.
1640 4675 1712 4740 281.
1734 4668 1792 4737 τὸν
1810 4665 1991 4760 Ὑδροῦνια

241 4787 314 4852 sivo
330 4777 499 4875 Ἶδροῦντα
519 4791 673 4877 legimus.
713 4777 895 4878 Ὑδροῦντα
915 4787 949 4856 h.
962 4789 985 4852 l.
997 4791 1070 4854 sine
1090 4792 1286 4855 necessitate
1308 4810 1371 4876 pro
1389 4782 1602 4880 Ἱδροῦνια
1624 4789 1771 4855 editores
1793 4793 1989 4879 corrigunt:

241 4925 319 4970 nam
346 4908 383 4969 in
411 4916 525 4974 nostra
544 4926 677 4993 qnoque
697 4909 919 4995 inscriptione
940 4910 1080 4994 proprie
1097 4901 1291 4998 Ἱδρᾶνια
1320 4913 1484 4995 scriptum
1506 4920 1568 4984 est,
1601 4911 1760 4992 quonism
1780 4909 1990 4998 Pythagorae

240 5025 344 5090 litera
369 5022 397 5087 Υ
425 5026 484 5090 vix
511 5023 571 5089 diu
598 5035 676 5092 ants
701 5026 840 5111 Sybaris
868 5026 1038 5092 excidium
1064 5029 1100 5091 in
1127 5048 1226 5092 usum
1246 5030 1361 5094 venit:
1394 5027 1483 5094 unde
1499 5020 1623 5107 Ἰλίας
1643 5047 1776 5113 quoque
1796 5049 1859 5115 pro
1877 5024 1991 5107 Ὕλίας

242 5165 275 5212 ι.
296 5147 339 5219 6.,
363 5136 536 5212 diducto
565 5164 629 5231 pro
655 5139 775 5215 ὕδασιν
794 5167 828 5213 v.
840 5151 885 5229 4.,
911 5147 982 5214 imo
1002 5140 1251 5231 Μιιταβόοι
1270 5167 1334 5233 pro
1355 5141 1562 5231 Μιτταβόου
1582 5169 1615 5216 v.
1630 5149 1661 5214 2.
1679 5157 1778 5234 atque
1799 5145 1991 5217 Χωνέιοι
