4675 6000
982 837 1308 937 ..ιδ-ἱ

400 999 519 1087 Neque
539 997 630 1087 apud
641 998 819 1080 Romanos,
841 996 900 1081 'qui
922 1017 942 1061 a
964 995 1101 1063 Graecis
1122 996 1510 1080 SiciliaeDoriensibus,
1531 1018 1639 1085 neque
1660 998 1749 1087 apud
1761 998 1875 1081 Oscos,
1896 1001 1988 1086 quia

234 1117 355 1185 Tuscis
366 1120 483 1186 literas
493 1129 702 1207 acceperant,
716 1121 809 1183 inter
821 1117 938 1182 literas
952 1117 1019 1182 det
1031 1140 1048 1183 r
1063 1119 1173 1181 ullum
1185 1118 1366 1184 discrimen
1377 1121 1535 1203 primitus
1548 1121 1626 1199 fnit,
1634 1116 1726 1203 quod
1737 1116 1872 1204 quidem
1882 1119 1988 1183 simili

234 1237 337 1304 modo
368 1241 549 1321 facientes,
578 1249 678 1325 atquc
706 1236 765 1325 sp.
788 1234 960 1302 Carvilius
980 1234 1069 1324 apud
1089 1237 1256 1309 Romanos
1279 1235 1306 1302 G
1327 1246 1362 1302 et
1383 1236 1413 1300 G
1434 1236 1607 1318 distinxit,
1639 1238 1847 1302 contrariam
1874 1246 1987 1301 tamen

234 1348 403 1423 rationem
431 1360 539 1423 sconti
569 1367 659 1438 sunt,
691 1368 732 1422 ut
758 1357 844 1421 Osca
871 1356 1056 1420 dLatinae
1085 1378 1113 1438 r,
1140 1356 1229 1421 Osca
1259 1378 1277 1421 r
1304 1367 1424 1420 contre
1450 1357 1592 1421 Latinae
1614 1354 1832 1421 drideretur
1853 1355 1986 1420 similis.

233 1473 392 1541 Getarum
414 1475 623 1542 Graecorum
644 1478 697 1541 vis
717 1477 755 1539 in
774 1463 937 1559 literaep
958 1477 1067 1564 figura
1094 1454 1263 1563 imprimis
1290 1478 1459 1557 cernitur,
1492 1494 1593 1561 quam
1621 1475 1764 1538 Romani
1792 1468 1942 1538 Graecae
1968 1495 1987 1537 r

229 1595 380 1659 similem
400 1597 571 1674 iecerunt,
592 1603 835 1679 praetereaque
854 1595 891 1657 in
912 1613 972 1676 eo,
1007 1593 1098 1679 quod
1117 1595 1276 1661 Abellani
1296 1594 1442 1659 Tuscam
1463 1614 1485 1659 u
1506 1593 1716 1659 Graecorum
1739 1611 1869 1678 quoque
1889 1612 1988 1657 more

232 1715 492 1798 ascripserunt.
533 1713 678 1779 Praeter
691 1732 715 1778 ιι
734 1713 888 1778 vocalem
907 1715 922 1780 i
942 1732 1074 1803 qnoque
1090 1712 1240 1799 *diversis
1259 1710 1368 1777 modis
1389 1716 1549 1800 scriptam
1570 1709 1739 1777 videmus:
1768 1712 1856 1775 nibil
1876 1722 1988 1775 mmen

151 1902 153 1908 ,
232 1833 385 1911 interest,
408 1852 473 1916 qua
492 1833 602 1921 figura
622 1834 676 1895 nsi
696 1832 775 1912 sint,
798 1834 865 1896 nisi
885 1830 977 1917 qnod
997 1850 1183 1897 consonans
1196 1836 1219 1916 j
1239 1852 1382 1918 semper,
1404 1834 1518 1898 nescio
1540 1832 1749 1914 anfortuito,
1769 1831 1786 1894 1
1806 1829 1987 1894 scribatur.

232 1947 412 2015 Praeterea
433 1951 512 2015 Osci
532 1951 670 2015 literam
691 1970 712 2014 o
731 1960 801 2014 tem
822 1951 1043 2039 singulariter
1063 1955 1213 2014 formare
1233 1951 1398 2031 solebant,
1430 1960 1481 2031 nt,
1511 1971 1597 2035 qnae
1623 1951 1800 2036 inscriptio
1823 1950 1909 2015 Osca
1929 1950 1987 2028 sit,

234 2086 276 2131 ex
297 2087 338 2131 ea
357 2069 569 2154 potissimum
590 2078 822 2161 cognoscatur.
864 2069 987 2134 Litora
1007 2090 1035 2157 qa
1057 2068 1206 2154 quidem,
1235 2090 1321 2154 quse
1342 2079 1392 2134 est
1411 2069 1532 2133 ultima
1552 2069 1735 2155 alphabeti,
1764 2067 1895 2133 Tuscae
1916 2064 1989 2152 ple·

235 2205 378 2269 rumque
399 2189 520 2251 similis
542 2197 609 2269 est,
638 2185 753 2253 sedin
775 2188 881 2252 variis
903 2187 1182 2272 inscriptionibus
1209 2190 1290 2252 satis
1317 2180 1430 2263 saria,
1464 2198 1581 2273 atque,
1613 2190 1704 2251 sicut
1731 2188 1806 2253 sin
1827 2183 1989 2249 Abellana

233 2304 363 2389 tabula,
384 2303 484 2372 valde
506 2305 698 2394 singularis.
744 2304 837 2368 Hine
849 2304 934 2368 Osce
953 2304 1146 2385 literatura,
1169 2306 1234 2368 etsi
1254 2303 1407 2367 aTuscis
1429 2315 1576 2391 accepta,
1599 2306 1693 2369 Oscis
1714 2314 1826 2368 tamen
1846 2302 1990 2391 propria

234 2419 304 2486 dici
324 2432 450 2506 potest:
473 2396 607 2505 quaudo
627 2439 710 2485 vero
732 2421 811 2482 Osci
831 2421 1048 2484 literaturam
1068 2422 1168 2487 istam
1189 2424 1392 2506 receperint,
1415 2443 1457 2484 ex
1477 2422 1549 2486 illis
1569 2423 1748 2486 literarum
1769 2423 1888 2509 figuris
1909 2432 1989 2484 con·

233 2541 294 2620 tici
313 2548 435 2624 potest,
457 2558 538 2623 quas
559 2536 664 2601 Tusci
684 2539 789 2602 variis
811 2539 1019 2624 temporibus
1039 2540 1135 2603 varie
1156 2541 1373 2624 scripserunt.
1414 2540 1688 2623 Antiquissimam
1711 2537 1847 2625 quidem
1867 2538 1989 2603 literae

232 2657 445 2744 stigmam,
477 2655 597 2719 Tuscis
630 2665 664 2720 et
691 2652 830 2718 Graecis
867 2655 1116 2738 antiquioribus
1158 2650 1371 2720 communem
1407 2667 1505 2738 atque
1535 2656 1795 2742 hieroglyphico
1825 2650 1989 2741 aquarum

233 2758 329 2863 signo
343 2776 461 2862 paullo
482 2774 694 2853 similiorem,
716 2793 816 2858 quam
838 2793 923 2857 quae
943 2772 1068 2837 Punice
1088 2774 1194 2836 scribi
1214 2773 1355 2852 solebat,
1368 2775 1446 2837 Osci
1457 2782 1593 2858 praeter
1612 2794 1718 2837 unum
1739 2775 1990 2858 antiquissimae

176 2918 179 2921 ·
234 2895 467 2978 inscriptionis
488 2893 679 2978 exemplum
700 2893 830 2976 pariter
850 2893 1060 2978 ignorarunt,
1083 2890 1294 2973 atqueillas,
1315 2910 1397 2973 quas
1418 2891 1475 2953 vel
1496 2892 1638 2954 Romani
1660 2890 1848 2976 Graecique
1869 2895 1905 2955 in
1922 2894 1990 2957 En·

235 3030 320 3095 ropa
339 3011 397 3075 vel
416 3009 538 3074 Umbri
559 3006 601 3072 in'
616 3008 760 3097 Iguvina
780 3007 964 3074 tabulalll.
987 3007 1096 3072 multo
1118 3009 1227 3070 serius
1248 3007 1467 3073 invenerunt:
1490 3008 1576 3074 hano
1590 3011 1727 3075 literam
1748 3022 1879 3091 contra,
1901 3014 1989 3078 sicut

236 3130 338 3207 piscis
359 3131 504 3193 natantis
526 3138 640 3192 notam
660 3146 696 3207 s,
728 3124 849 3189 iisdem
878 3113 1010 3208 semper
1038 3123 1166 3187 duabus
1193 3124 1312 3212 liguris
1333 3129 1552 3212 scripserunt,
1586 3129 1706 3214 quibus
1735 3140 1770 3195 et
1797 3130 1927 3195 Tuscos
1955 3141 1990 3195 et

234 3246 380 3313 Umbros
412 3245 450 3311 in
482 3247 652 3331 plerisque
683 3242 960 3329 inscriptionibus
991 3242 1060 3305 suis
1090 3260 1169 3305 usos
1198 3245 1397 3328 reperimus.
1442 3249 1608 3312 Oscorum
1630 3247 1807 3313 literatura
1828 3247 1989 3334 pleraque

234 3367 343 3456 igitur
363 3368 479 3448 junior
500 3375 551 3429 est
571 3363 726 3450 exemplo
754 3374 898 3428 tesserae
919 3360 1096 3447 hospitalis
1121 3380 1163 3424 ex
1184 3380 1263 3426 aere
1283 3337 1544 3444 vetustissimae,
1576 3385 1676 3449 quarn
1703 3386 1731 3431 a.
1757 3369 1849 3435 1783.
1880 3387 1988 3454 prope

234 3486 393 3550 Petiliam
413 3489 451 3548 in
472 3486 808 3568 Bruttiis'repertsm
828 3481 1020 3545 Haerenius
1052 3479 1237 3563 explicavit
1268 3481 1304 3543 in
1333 3480 1544 3547 Bibliotheca
1572 3486 1699 3549 veteris
1726 3484 1924 3550 literaturae
1954 3495 1989 3550 et

160 3597 167 3606 ’
236 3606 320 3669 artis
341 3603 376 3668 P.
398 3604 457 3685 V,
472 3605 588 3668 -mutto
608 3604 783 3687 antiquior
802 3611 915 3665 tamen
936 3598 1035 3664 bellis
1056 3599 1285 3664 Romanorum
1306 3598 1454 3680 Punicis,
1477 3603 1556 3686 quia
1577 3621 1719 3689 gamma,
1751 3604 1905 3666 terminis
1926 3600 1985 3666 ad·

237 3722 304 3788 buc
324 3725 591 3812 agrimensorum
613 3722 814 3785 transversis
840 3720 961 3807 positis
992 3718 1131 3799 similis,
1161 3717 1312 3784 nondum
1344 3717 1579 3784 rotundiorem
1609 3722 1753 3810 liguram
1783 3721 1927 3787 Latinae
1959 3721 1986 3786 O

113 3899 118 3908 .
237 3844 376 3929 accepit,
400 3844 457 3905 cni
477 3838 535 3925 Sp.
558 3835 729 3904 Garvilins
749 3838 873 3903 Romae
894 3836 1054 3902 lineolam
1075 3836 1172 3900 illam
1193 3836 1337 3919 addidit,
1364 3836 1454 3903 unde
1475 3837 1506 3904 G
1526 3850 1603 3903 nata
1625 3850 1684 3905 est.
1729 3843 1759 3905 Δ
1781 3851 1906 3907 tessera
1926 3842 1987 3905 illa

234 3958 395 4048 hospitali
415 3965 487 4045 jam
508 3958 620 4025 Tusca
639 3959 819 4024 literatura
839 3956 923 4021 adeo
944 3954 1216 4046 degeneraverat,
1237 3968 1277 4022 ut
1298 3978 1428 4046 gamma
1449 3959 1520 4039 ejus
1539 3960 1667 4024 vocalis
1688 3962 1712 4041 ἰ,
1733 3963 1887 4026 s'contra
1907 3960 1987 4025 sibi·

211 4063 472 4144 'nnm'locum
494 4088 686 4165 occuparet,
713 4075 803 4142 unde
824 4074 906 4140 duas
930 4075 1140 4140 sibilantium
1160 4076 1418 4164 figuras.Tnsci
1432 4077 1614 4158 habebant,
1649 4097 1789 4161 quarum
1817 4078 1987 4164 antiquio·

234 4216 320 4276 rem,
341 4198 483 4284 Latinae
504 4197 626 4274 literae
646 4216 675 4262 m
695 4196 854 4272 similem,
877 4199 945 4259 lam
965 4195 1044 4258 Osci
1066 4215 1165 4279 qnam
1185 4192 1308 4259 Umbri
1329 4197 1540 4285 ignorarunt.
1572 4197 1605 4264 V
1622 4216 1754 4283 quoqne
1775 4199 1876 4263 litera
1898 4196 1986 4282 epud

235 4325 406 4400 utrosque·
419 4314 580 4403 digammi
601 4313 725 4379 Graeci
745 4316 889 4403 figuram
911 4314 979 4395 jam
1000 4315 1177 4392 amiserat3
1198 4313 1345 4379 Umbros
1365 4326 1479 4380 autem
1499 4316 1609 4381 multo
1630 4320 1739 4382 serius
1761 4338 1861 4403 quam
1883 4319 1985 4382 Oscos

236 4433 427 4499 Tuscorum
449 4434 663 4499 literaturam
684 4437 852 4520 recepisse
879 4431 960 4497 inde
987 4433 1204 4522 intelligitur,
1237 4431 1337 4518 quod,
1370 4434 1451 4499 lieet
1481 4437 1635 4520 utrisque
1664 4437 1781 4518 junior
1809 4438 1929 4501 literae
1957 4456 1985 4522 φ
2104 4465 2107 4472 ·

158 4577 168 4596 ·
237 4552 346 4640 ligura
366 4555 554 4618 communis
574 4554 632 4634 sit,
663 4550 742 4616 bet
763 4564 777 4618 t
798 4552 919 4617 literae
940 4549 1029 4639 apud
1051 4553 1152 4616 Oscos
1172 4531 1308 4617 nonnisi
1330 4554 1531 4639 antiquiore,
1561 4553 1651 4640 apud
1677 4554 1823 4620 Umbros
1839 4525 1986 4618 'nonani

235 4672 375 4755 juniore
393 4674 501 4761 ligura
521 4651 678 4737 exaratae
705 4672 784 4735 sint.
827 4669 1085 4756 antiquissimas
1116 4672 1280 4738 Oscorum
1311 4674 1486 4739 literarum
1517 4673 1642 4763 figuras
1674 4684 1750 4760 post
1780 4672 1985 4737 Mamercini
2063 4664 2068 4669 ’
2109 4699 2113 4706 ·

237 4791 324 4854 cisia
343 4790 597 4875 inscriptionem
617 4792 655 4854 in
674 4790 832 4856 Abellana
852 4791 969 4856 tabula
989 4792 1149 4878 conspici,
1179 4789 1330 4856 dubitari
1351 4794 1479 4877 nequit,
1509 4791 1726 4880 Pompeianas
1754 4811 1838 4856 vero
1865 4792 1986 4857 inscri-

237 4910 372 4996 ptiones
391 4912 529 4975 nonita
548 4913 658 4977 multo
680 4920 758 4977 ante
777 4885 874 4976 urbis
896 4913 1030 4976 ruinam
1057 4921 1209 4976 exaratas
1230 4931 1310 4991 esse,
1339 4914 1416 4976 reri
1444 4913 1552 4977 simile
1580 4922 1646 4976 est:
1679 4912 1749 4974 imo
1776 4911 1986 4976 Herculanei

235 5037 371 5122 reperta
392 5026 522 5092 dicitur
542 5029 627 5095 Osca
646 5032 825 5116 inscriptio
846 5039 917 5095 tant
945 5028 1063 5096 vivido
1088 5029 1211 5095 'colore
1239 5032 1436 5116 conspicua,
1469 5041 1510 5096 ut
1540 5033 1577 5094 in
1605 5030 1679 5116 ipso
1706 5031 1848 5096 interitu
1875 5032 1985 5117 posita

236 5144 404 5216 rideatur.
449 5145 608 5248 Getarum
629 5150 749 5217 Oscem
769 5150 996 5232 literaturam,
1023 5149 1086 5215 etsi
1107 5148 1251 5216 Bantina
1270 5150 1387 5217 tabula
1406 5150 1552 5231 Latinis,
1579 5147 1786 5217 Mamertina
1806 5150 1985 5236 incriptio
