4675 6000
1125 851 1374 918 ..34-

380 1023 543 1090 exhibuit
587 1015 716 1101 Quodsi
737 1014 924 1101 degetosius
942 1030 1006 1101 pro
1026 1013 1158 1080 dictans
1184 1014 1258 1079 sive
1278 1014 1435 1094 dictator,
1463 1013 1553 1079 siem
1572 1014 1710 1080 omnies
1730 1029 1795 1098 pro
1816 1029 1926 1077 onam
1946 1012 2018 1076 sive
2039 1031 2127 1077 one·

380 1156 434 1212 tor
453 1140 639 1219 dicebatur,
671 1136 801 1205 Meddis
821 1135 986 1219 degetasis
1003 1135 1079 1199 sire
1097 1134 1248 1201 Meddiss
1266 1135 1454 1220 degetosius
1475 1134 1639 1219 erogetud
1650 1133 1784 1212 -raoitos,
1816 1127 1983 1216 quomodo
2004 1132 2127 1196 inscri-

378 1265 452 1352 ptio
473 1262 566 1348 cippi
585 1253 676 1345 apud
695 1252 1088 1339 liudulpho-llochettum
1108 1251 1295 1338 supplenda
1315 1263 1383 1334 cst,
1412 1274 1480 1318 non
1501 1263 1552 1319 est
1572 1255 1728 1339 princeps
1749 1252 1973 1317 decurionum
1992 1250 2049 1316 vel
2067 1248 2128 1316 de·

382 1382 582 1459 esurirem,
615 1397 713 1462 quem
743 1373 934 1439 Muellerus
961 1375 999 1438 in
1027 1371 1305 1458 Gottingensibus
1332 1373 1584 1440 recessionibus
1609 1392 1639 1436 a
1663 1372 1756 1440 1834.
1778 1391 1853 1461 pag·
1877 1372 1949 1440 173.
1972 1370 2130 1451 coniecit,

382 1497 441 1567 sed
462 1498 610 1564 uenter
630 1496 753 1560 multas
774 1490 959 1581 irrogando
979 1494 1180 1580 praefectus,
1202 1502 1274 1558 tota
1294 1513 1378 1558 vere
1399 1493 1578 1578 inscriptio
1599 1493 1648 1555 sic
1668 1488 1848 1556 vertendas

464 1615 599 1684 Pacilus
619 1615 797 1694 Maturius,
816 1613 937 1679 Moror
956 1612 1058 1697 pilius,
1079 1611 1219 1679 Meddin
1239 1613 1386 1678 dictator
1405 1611 1569 1697 adigendo
1589 1610 1718 1677 multos.
2001 1694 2008 1705 Ι

548 1733 650 1820 Apud
670 1734 764 1798 Latii
784 1746 917 1818 quoque
937 1732 1081 1818 populos
1102 1730 1304 1797 dictatorem
1329 1734 1367 1797 iu
1387 1751 1451 1796 usu
1472 1731 1575 1795 fuisse
1597 1727 1821 1810 ordinarium,
1852 1730 1948 1794 testis
1976 1737 2028 1792 est
2046 1725 2134 1792 Milo

383 1853 475 1942 apud
493 1851 693 1919 Ciceronem
713 1871 778 1939 pro
799 1850 932 1916 Milone
951 1851 996 1929 X,
1009 1852 1061 1919 27.
1084 1854 1127 1915 cf.
1146 1851 1253 1919 Orell.
1265 1873 1299 1919 n.
1311 1856 1404 1922 tolo.
1447 1848 1548 1934 Quod
1565 1858 1679 1914 autem
1700 1846 1743 1913 ad
1763 1848 2019 1933 meriptionem
2038 1845 2136 1911 illam

384 1977 516 2056 attinet,
550 1993 650 2059 quam
669 1971 859 2037 Muellerus
888 1971 909 2037 l.
931 1970 956 2037 l.
977 1971 1118 2035 circiter
1145 1972 1453 2058 quingentesimum
1473 1988 1596 2033 aunum
1617 1988 1646 2035 a.
1669 1966 1751 2034 Chr.
1773 1987 1808 2033 u.
1829 1968 1973 2053 positam
1994 1967 2137 2047 censmt,

384 2112 424 2158 ea
443 2095 589 2157 nimium
609 2101 766 2156 cuneata
785 2092 894 2154 estin
914 2098 1059 2173 utraque
1079 2098 1176 2175 parte
1196 2109 1368 2170 versuum,
1390 2109 1490 2175 quam
1502 2107 1585 2175 quae
1605 2089 1677 2152 sine
1697 2088 1771 2152 ulla
1790 2085 2016 2151 hariolatione
2035 2084 2139 2148 resti·

385 2214 439 2279 tui
458 2213 575 2296 possit,
606 2207 667 2275 sed
686 2210 754 2288 iam
775 2216 918 2293 propter
943 2209 1097 2291 antiquas
1118 2206 1282 2273 Oscarnm
1303 2209 1483 2275 literarum
1503 2210 1629 2296 figuras
1657 2227 1758 2293 quam
1785 2208 1932 2271 maxime
1952 2202 2066 2293 digna,
2098 2213 2140 2267 ut

386 2330 589 2414 explicetur,
611 2337 773 2411 qnantum
792 2326 869 2390 fieri
890 2325 1001 2392 liceat
1034 2325 1225 2391 Muellerus
1245 2329 1314 2409 jam
1334 2339 1428 2393 recte
1449 2327 1586 2412 quidem
1606 2328 1789 2413 perspexit,
1809 2323 1985 2391 vocalemi
2005 2331 2141 2408 praeter

386 2449 613 2513 recentiorem
633 2446 780 2532 figuram
800 2441 1058 2529 hieroglyphice
1078 2440 1188 2505 adhuc
1209 2444 1316 2505 trium
1337 2440 1524 2528 digitorum
1543 2459 1661 2503 manus
1682 2453 1762 2504 nota
1783 2445 1901 2522 scribi,
1924 2443 2054 2525 qualem
2074 2439 2142 2504 Im·

385 2577 524 2654 perator
535 2562 695 2629 Claudius
717 2560 897 2646 alphabeto
918 2578 980 2624 sno
1001 2556 1143 2638 addidit,
1164 2577 1271 2643 neque
1293 2568 1405 2623 tamen
1425 2557 1597 2645 duplicem
1618 2557 1690 2638 ejus
1711 2557 1857 2646 figuram
1876 2562 2020 2638 nomvit,
2043 2578 2144 2644 quam

386 2704 410 2750 ss
431 2702 564 2770 quoque
584 2697 771 2744 consonans
791 2677 902 2742 habet.
944 2676 971 2738 E
992 2675 1121 2740 duabus
1142 2676 1322 2741 literarum
1342 2678 1367 2741 d
1385 2689 1420 2741 et
1439 2677 1461 2743 ie
1481 2677 1600 2765 liguris
1620 2675 1730 2740 altera
1754 2660 1857 2741 modo
1877 2674 2060 2741 rotundior
2081 2687 2142 2758 eat,

387 2801 447 2867 sed
466 2820 486 2864 e
502 2797 637 2864 —dnabns
668 2796 790 2859 literae
819 2814 848 2859 er
879 2793 999 2880 figuris
1032 2791 1140 2858 altere
1171 2804 1222 2860 est
1247 2796 1480 2880 antiquissima
1508 2814 1672 2880 aquarum
1698 2804 1789 2859 nota.
1832 2795 1942 2859 Etiam
1970 2796 2100 2861 vocalis
2119 2815 2143 2861 a

388 2918 522 3006 duplici
550 2913 653 2983 modo
685 2913 867 2992 scribitur,
898 2909 989 2976 unde
1018 2910 1161 2977 alteram
1192 2912 1338 3002 figuram
1363 2914 1400 2976 ln
1433 2912 1620 3001 alphabetis
1654 2913 1790 2976 tabulae
1810 2911 1855 2975 ΙΙ.
1881 2932 1945 2999 pro
1966 2933 1987 2977 e
2008 2915 2142 2994 notarie

389 3042 504 3105 nescio
525 3047 650 3114 tamen,
672 3054 714 3098 an
735 3035 773 3097 in
794 3032 857 3095 illa
876 3050 973 3112 uoce,
996 3051 1095 3117 quam
1107 3030 1299 3096 Muellerus
1320 3035 1431 3099 omnis
1452 3052 1517 3116 pro
1539 3034 1653 3097 mauis
1673 3032 1767 3119 legit,
1790 3052 1975 3098 consonans
1996 3034 2142 3120 lpotius

389 3152 588 3242 accipienda
609 3154 665 3235 sit,
686 3170 852 3236 vocesque
872 3150 1025 3239 singulae
1046 3152 1096 3213 sic
1116 3149 1352 3238 sejungeudae,
1374 3161 1415 3215 nt
1434 3151 1614 3233 inscriptio
1636 3170 1657 3212 a
1676 3150 1869 3214 nominibus
1890 3155 1992 3219 ...niis
2014 3152 2143 3219 ocilen-

390 3277 444 3343 ssis
463 3274 651 3341 Ninnisieis
671 3272 706 3335 h.
728 3292 757 3337 e.
779 3273 892 3338 ...nius
914 3268 1083 3334 Oileraius
1095 3267 1260 3345 <Ouinium
1282 3268 1373 3332 enim
1394 3269 1585 3356 intelligere
1606 3265 1741 3333 diversa
1762 3271 1974 3336 consonantis
1993 3291 2014 3337 v
2034 3273 2145 3362 ligura

390 3411 459 3460 non
480 3394 637 3480 patitur),
658 3393 803 3459 Numisii
823 3391 924 3475 filius,
944 3389 1099 3473 incipiat.
1141 3386 1196 3451 An
1216 3389 1254 3451 in
1279 3385 1373 3455 Ka...
1400 3407 1524 3452 nomen
1552 3390 1634 3453 ciuis
1664 3387 1780 3471 lateat,
1812 3392 1979 3454 affirmari
2009 3394 2144 3478 nequit3

392 3510 452 3580 sed
472 3515 583 3601 prima
602 3525 671 3577 vox
691 3506 831 3572 mcundi
850 3527 968 3572 versus
995 3507 1150 3592 suppleri
1170 3518 1282 3593 potest
1302 3506 1499 3573 Mamertina
1519 3505 1553 3570 h.
1577 3526 1607 3572 e.
1628 3507 1847 3574 Mamercinus
1866 3509 1939 3573 sive
1959 3511 2145 3600 Μαμαρκι·

393 3633 500 3714 scios,
529 3625 809 3714 quemadmodum
836 3623 1025 3711 Stephanus
1042 3626 1250 3710 Byzantinus
1271 3646 1296 3693 s.
1319 3648 1353 3693 v.
1380 3619 1593 3715 Μαμᾶρκινα
1614 3628 1760 3712 scripsit.
1804 3625 2053 3692 Mamercinum
2072 3627 2143 3695 Ste-

394 3750 499 3838 phani
518 3748 700 3814 Marcianus
722 3764 793 3810 esse
813 3744 946 3826 urbem,
978 3748 1071 3810 iuter
1096 3743 1338 3811 Sirenusarum
1363 3746 1638 3832 promontorium
1666 3755 1701 3809 et
1726 3743 1941 3812 Posidonium
1962 3746 2144 3813 secuudum

395 3866 597 3934 Strabonem
616 3864 665 3947 V,
698 3874 784 3929 extr.
808 3885 827 3928 a
848 3863 969 3930 Tuscis
994 3862 1166 3930 conditam
1198 3876 1233 3931 et
1264 3884 1285 3929 a
1313 3863 1523 3930 Samnitibus
1554 3863 1749 3944 habitatam,
1782 3866 1850 3946 jam
1882 3866 1945 3930 alii
1974 3863 2144 3932 viderunt.

395 3985 540 4055 Gratiis
559 3995 673 4050 autem
697 3986 842 4050 flexione
868 3983 974 4047 simili
994 3993 1094 4071 atque
1115 3984 1257 4050 delirius
1284 3983 1373 4072 apud
1392 3984 1535 4048 Paulum
1554 3983 1753 4058 Diaconum,
1787 3982 1878 4068 quod
1897 3984 2020 4052 Santra
2042 3985 2146 4051 Gras-

397 4125 477 4172 cum
495 4099 648 4173 δείλαιον
668 4125 739 4170 esse
759 4104 904 4193 putarit,
930 4104 1055 4169 Latino
1075 4108 1237 4189 ganniens
1256 4103 1449 4191 respondet,
1471 4113 1635 4188 quatenus
1656 4122 1677 4165 a
1696 4101 1827 4168 Graeco
1848 4105 1955 4170 verbo
1982 4106 2147 4192 γάνυσθαι

397 4222 594 4307 derivatus-3
626 4225 732 4291 laetas
751 4243 835 4313 ergo
856 4224 1038 4313 siguificat,
1061 4233 1160 4310 atque
1182 4245 1259 4288 cum
1279 4233 1438 4309 sequente
1457 4223 1564 4288 verbo
1582 4220 1788 4305 peririis...
1810 4222 1882 4290 sire
1903 4225 2017 4310 potius
2035 4224 2148 4309 perir·

398 4342 537 4424 hebed)
557 4343 609 4425 (h.
631 4363 663 4410 e.
683 4345 865 4431 perpuierit
885 4362 962 4406 cum
982 4340 1250 4428 reduplicatione
1272 4342 1369 4420 Osca)
1390 4341 1595 4431 jungendum
1616 4352 1678 4423 est,
1699 4352 1739 4407 ut
1758 4343 1873 4409 verbis
1894 4344 2000 4409 laetus
2016 4347 2150 4431 perpoti-

399 4466 467 4531 ebit
488 4460 579 4527 idem
598 4460 744 4542 dicatur,
766 4460 857 4547 quod
877 4461 1007 4546 Ulyssis
1028 4460 1162 4528 reducis
1184 4466 1221 4527 in
1241 4465 1388 4551 patriam
1407 4464 1520 4553 imago
1542 4481 1646 4548 snpra
1665 4462 1776 4550 posita
1794 4471 2032 4551 repraesentat.
2060 4462 2150 4529 Tota

400 4583 511 4673 igitur
530 4583 708 4668 inscriptio
728 4583 778 4644 sic
799 4580 869 4669 legi
890 4583 1044 4667 vertique
1064 4585 1208 4669 poterit:

486 4705 588 4771 ...aiis
610 4701 776 4767 Oeiisonis
796 4701 1000 4781 Niterisieis,
1145 4702 1213 4769 la...
1236 4700 1445 4783 Mamertino,
1465 4701 1600 4787 graciis
1617 4699 1865 4786 perieiietvedlz

486 4823 599 4891 ...nius
621 4820 797 4887 Oilennius
817 4817 967 4884 Numisii
988 4816 1116 4901 (hlius),
1138 4823 1224 4887 civis
1243 4819 1488 4904 Mamercinus,
1510 4822 1620 4890 laetus
1638 4819 1847 4909 perquiesit:

629 4939 777 5006 Meddiss
796 4939 984 5022 degetusias
1004 4936 1181 5026 oroigetad
1198 4940 1340 5021 neta).

628 5056 770 5124 Meddir
813 5057 961 5126 dictator
981 5057 1146 5150 adigendo
1208 5061 1343 5126 multas.

1151 5237 1400 5257 mnu-..-
