4675 6000
758 996 1642 1079 ssnrurrnerormmmrrsmaorarrnnsnsas
1828 1082 1829 1085 ρ

810 1116 1736 1185 nmarrrurarrsrsrsraror(su)nrsomrrsaoor
1769 1088 1782 1101 “

752 1222 1710 1295 xnrunoranasararnrnarmromnrrsousouum

810 1331 1537 1402 amaroonuonrourrasn1roarr1r(a)n1
1574 1332 1666 1403 [Nat]

754 1432 1762 1499 onerosasomuonuararsnuxonurousnrsrnsroor

812 1547 1592 1619 (snnarsxorrnnsamrosuamrrnrrpu)

752 1652 1704 1725 aaranmaemnrmneprpoarnsrmompanoxmnr)

809 1762 1559 1832 xnrrnsamnpsoesnsincensissimam
1577 1761 1609 1818 a.
1629 1779 1654 1819 ο.

778 1897 901 1992 Χιόνης
920 1898 993 1972 ἴσθ’
1016 1896 1115 1992 ὃρίαν
1134 1902 1369 1991 Μαρσαπίδσς
1390 1896 1489 1972 ἄστεϊ
1506 1897 1626 1991 Boioap

836 2013 943 2090 Εἶναι
960 2015 1133 2111 Ὑὸρᾶντα,
1159 2015 1322 2110 Τάρανθ’,
1345 2010 1387 2089 οὗ
1407 2019 1490 2111 ἕδρα
1509 2015 1724 2103 Menapios·

774 2136 975 2212 Χωνεδονᾶς
995 2132 1025 2201 ‹i'
1048 2133 1152 2213 ἀκτὰς
1171 2131 1316 2224 Σύβαριν
1337 2138 1367 2204 s'
1391 2132 1588 2229 Οἶνώσρισν,
1610 2133 1714 2205 ὅκκου

834 2247 1007 2343 Αἶσάροσς
1027 2247 1154 2320 πόντου
1175 2250 1294 2322 ὕδασιν
1314 2248 1478 2346 inopias:

774 2365 862 2438 Ἔνθ’
878 2364 978 2459 Ἴρηξ
997 2366 1111 2461 «ipsuis
1131 2375 1281 2461 καταρεῖ,
1301 2362 1325 2460 ᾗ
1345 2377 1503 2442 Χωνέτου
1523 2363 1547 2461 ᾗ
1567 2399 1605 2443 se
1627 2372 1788 2443 Νεαίθσν

829 2486 958 2557 Ὕδατα
980 2485 1147 2579 Χωννείρ,
1171 2481 1242 2554 ἕνθ’
1263 2482 1377 2567 Ὺλίας
1398 2513 1433 2556 se
1455 2484 1540 2556 roias·

772 2606 903 2686 Ἀκσὰς
924 2609 1126 2695 Κραθιααῖς,
1147 2603 1220 2671 ἔνθ’
1241 2595 1285 2672 αὗ
1306 2601 1503 2697 Βάρὸαννος
1524 2601 1586 2674 ἄπ’
1608 2600 1722 2690 ὄχθῶν

837 2718 1012 2789 Χωννείαν
1032 2721 1145 2809 διαρεῖ
1164 2717 1366 2811 ἱμερόεσσαν
1388 2719 1453 2793 ἅεί.

523 2881 698 2947 Nonnulla
718 2877 866 2963 quidem,
896 2879 1094 2965 praesertim
1116 2897 1221 2961 quum
1242 2879 1306 2942 alia
1328 2877 1523 2959 omittenda,
1554 2879 1623 2943 alia
1643 2878 1840 2964 supplenda,
1871 2879 1938 2943 alia
1959 2891 2112 2969 transpo-

358 3004 466 3072 nenda
486 3001 700 3096 censuerim,
714 2999 776 3062 alii
796 2998 899 3062 aliter
925 2998 1039 3086 legero
1066 3001 1207 3063 fortasse
1228 2999 1364 3080 malint3
1395 3000 1454 3065 sed
1476 3001 1581 3064 totius
1603 3000 1834 3084 inscriptionis
1855 3003 2022 3065 sententia
2042 3022 2109 3067 non

356 3125 494 3215 agnosci
513 3120 642 3204 nequit.
689 3115 778 3181 Nam
800 3115 949 3182 Choniae
971 3118 1120 3202 primum
1140 3115 1289 3183 Graecae
1317 3117 1472 3182 coioniae
1499 3119 1761 3202 antiquissimae,
1794 3115 1873 3182 inde
1893 3138 1915 3182 a
1934 3119 2052 3182 Bastae
2073 3122 2110 3182 in

355 3240 481 3329 Apulia
500 3238 624 3303 finibus
652 3255 756 3321 nsque
777 3232 819 3301 ad
839 3235 961 3323 Rhegii
982 3235 1137 3314 confinia,
1171 3232 1292 3299 deinde
1312 3237 1410 3301 fluvii
1432 3255 1558 3317 omncs,
1592 3234 1635 3299 ad
1662 3253 1807 3330 quornm
1834 3237 1926 3321 ripas
1954 3235 2112 3302 conditae

357 3369 453 3426 erant
467 3358 630 3446 coloniae,
652 3354 732 3420 inde
751 3355 793 3419 ab
814 3354 911 3419 Ircce
931 3355 1003 3419 sive
1023 3356 1137 3439 potius
1150 3353 1253 3418 Aleca
1273 3352 1316 3419 ad
1326 3354 1518 3420 Bradanum
1539 3375 1644 3440 usqne
1659 3357 1832 3421 contrario
1855 3354 1974 3420 ordine
1995 3375 2111 3421 recen·

358 3489 487 3544 santur.
519 3453 844 3562 ‘chorographicum
857 3471 923 3537 hoc
944 3481 1191 3560 argumentum,
1214 3482 1249 3539 ct
1260 3474 1349 3559 quod
1360 3473 1403 3538 ad
1413 3475 1534 3540 Italiac
1544 3473 1783 3563 geographiam
1793 3484 1943 3540 veterem
1965 3485 1999 3540 et
2019 3475 2112 3559 quod

357 3596 399 3663 ad
419 3598 600 3662 literarum
621 3612 720 3658 usum
741 3593 874 3671 attinet,
895 3595 963 3655 t‘am
985 3591 1099 3680 gravis
1120 3602 1172 3656 est
1190 3595 1364 3675 momenti,
1386 3596 1484 3658 utin
1504 3603 1686 3678 utrumque
1698 3594 1853 3680 pluribus
1874 3591 2110 3679 inquirendum

356 3715 444 3780 mihi
463 3711 631 3778 videatur.
674 3709 786 3793 Quum
808 3712 898 3773 enim
912 3707 1053 3793 Sybaris
1072 3722 1281 3778 memoretur
1298 3715 1493 3795 Oenotrius,
1515 3732 1622 3797 neque
1641 3712 1715 3776 ulla
1734 3712 1862 3776 mentio
1873 3713 1931 3777 iiat
1940 3685 2110 3777 Lucaniae

356 3834 415 3900 vel
435 3833 575 3896 illarum
596 3828 746 3911 urbium,
773 3848 858 3913 quae
878 3839 954 3916 post
982 3830 1127 3894 excisam
1147 3828 1306 3915 Sybarim
1335 3830 1490 3896 conditae
1509 3842 1598 3911 sunt,
1620 3828 1770 3895 Choniae
1791 3840 1906 3896 nostra
1927 3829 2129 3916 descriptio·

359 3956 451 4017 intra
472 3970 596 4014 annum
616 3949 680 4017 720
700 3968 730 4015 a.
753 3945 835 4016 chr.
857 3969 907 4028 n,
927 3967 994 4032 quo
1012 3948 1151 4033 Sybarin
1172 3950 1214 4014 ab
1234 3950 1377 4015 Achaeis
1397 3943 1532 4016 condita
1552 3952 1630 4031 init,
1653 3960 1687 4015 et
1706 3953 1781 4030 510,
1801 3969 1869 4033 quo
1890 3946 2001 4014 deleta
2021 3960 2070 4014 est
2090 3969 2110 4013 a

359 4070 579 4149 Crotoniatis,
600 4076 736 4132 exarata
757 4086 828 4132 cssc
849 4065 995 4150 videtur,
1017 4089 1119 4154 quum
1130 4068 1237 4134 Locri
1247 4070 1466 4156 Epizephyrii
1478 4072 1582 4155 primi
1604 4071 1755 4133 omnium
1775 4070 1912 4154 scriptis
1932 4078 2110 4134 uterentur

359 4188 502 4278 legibus,
525 4186 644 4272 quibua
664 4185 742 4273 plus
763 4184 915 4251 ducentis
936 4188 1030 4250 annis
1050 4184 1130 4251 inde
1150 4188 1193 4253 ab
1205 4188 1406 4274 Olympiade
1427 4187 1544 4254 XXIX
1565 4189 1640 4265 (664
1652 4207 1682 4252 a.
1697 4186 1776 4253 Chr.
1789 4187 1837 4262 n.)
1857 4206 1960 4251 unam
1980 4197 2110 4252 tantum

359 4310 469 4397 legem
497 4318 620 4370 novem
639 4301 788 4370 additam
815 4323 897 4385 esse,
920 4304 1160 4373 Demosthenes
1181 4308 1219 4370 iu
1240 4307 1391 4373 Timocr.
1410 4330 1442 4396 p.
1455 4310 1529 4376 744,
1550 4305 1603 4373 ed.
1623 4304 1736 4371 Reisls.
1760 4304 1819 4384 (ci.
1828 4304 1942 4373 Diod.
1965 4304 2044 4384 XII,
2057 4308 2107 4372 17.

359 4425 471 4493 Strab.
495 4422 822 4513 V1,1,s.pag.nao)
842 4434 994 4490 testatur.
1038 4427 1130 4490 Hinc
1151 4436 1287 4513 praeter
1307 4429 1522 4514 aspirationis
1542 4437 1667 4507 notam,
1689 4415 1787 4491 vario
1807 4422 1909 4490 modo
1931 4427 2112 4495 formatam

360 4556 459 4629 atque
487 4541 683 4624 adhibitam,
711 4541 856 4608 sedecim
882 4543 982 4609 modo
1011 4544 1145 4626 literae,
1172 4547 1255 4612 licet
1274 4549 1380 4612 variis
1404 4566 1469 4611 nec
1496 4564 1576 4610 raro
1605 4545 1696 4609 inter
1716 4563 1751 4608 se
1773 4542 1971 4629 permutatis
1991 4539 2111 4628 figuris

360 4666 516 4750 scriptae,
537 4670 775 4753 agnoscuntur.
814 4662 861 4732 Ut
880 4673 995 4729 autem
1005 4665 1134 4747 iaicas,
1155 4686 1255 4751 qnam
1275 4666 1384 4732 mults
1403 4664 1511 4729 adhuc
1531 4667 1569 4728 iu
1588 4663 1642 4728 his
1663 4663 1806 4728 obscura
1826 4658 1912 4724 mihi
1929 4661 2012 4741 sint,
2039 4662 2111 4747 pri·

359 4803 453 4848 mum
472 4783 586 4847 statim
606 4781 837 4864 inscriptionis
857 4801 980 4848 nomen
1001 4786 1167 4850 incertum
1189 4794 1250 4865 est,
1270 4795 1388 4850 utrum
1407 4782 1598 4849 XAONIA
1616 4781 1691 4854 iae.
1703 4774 1835 4846 Χαονὶδ
1854 4797 1897 4841 an
1918 4775 2112 4844 Kanum

360 4903 394 4968 in
417 4920 448 4968 e.
469 4893 589 4987 Χώνρς
610 4896 789 4989 legendum
810 4902 864 4968 sit
905 4902 984 4965 Hoc
1005 4912 1117 4968 tamen
1138 4902 1398 4988 praeferendum
1417 4905 1548 4989 putavi,
1577 4902 1655 4984 quia
1682 4907 1772 4962 sexta
1794 4895 1899 4960 litera
1926 4897 1962 4960 in
1988 4901 2108 4980 quarto

361 5039 463 5085 versu
483 5037 548 5105 pro
567 5019 598 5080 Σ
615 5029 776 5105 usurpata
798 5022 966 5086 recurrit:
981 5031 1055 5085 tum
1074 5041 1158 5087 vero
1178 5024 1282 5087 metri
1301 5023 1478 5088 noceantne
1486 5020 1735 5101 verborumque
1755 5023 1931 5079 contextus
1952 5014 2109 5106 requirite

360 5148 400 5202 ut
420 5138 492 5202 ΚΛ
502 5155 565 5221 pro
579 5136 636 5201 Ka
658 5138 730 5201 sire
750 5137 789 5200 X
805 5140 969 5226 scriptam
990 5151 1156 5224 putemus,
1179 5151 1278 5226 atque
1297 5142 1320 5206 I
1335 5158 1400 5227 pro
1420 5141 1452 5206 E
1470 5141 1541 5206 sive
1560 5141 1605 5206 H.
1648 5135 1726 5199 Hoc
1736 5131 1872 5217 quidem
1889 5133 1930 5195 in
1950 5128 2112 5196 adverbio
