4675 6000
1122 807 1371 870 ..50-

374 970 454 1052 iscla,
475 969 532 1036 vel
554 967 656 1033 Oscas
676 967 723 1046 iu,
746 967 805 1046 ini,
827 966 914 1046 ἰοὶνι,
935 966 1004 1048 iao,
1034 983 1077 1028 ex
1097 956 1269 1032 Umbricis
1289 989 1361 1050 eno,
1388 987 1480 1047 ακοο,
1513 988 1626 1047 crau,
1648 966 1757 1044 ινσκ,
1778 965 1955 1033 derivabit
2001 968 2124 1051 Quam

375 1092 429 1155 ris
450 1108 572 1177 magna
592 1088 638 1150 sit
658 1086 854 1173 linguarum
874 1080 1299 1172 singularum'differcntia
1319 1088 1498 1173 paullatim
1518 1084 1597 1150 inde
1618 1096 1726 1167 enata,
1756 1100 1872 1171 quam‘
1887 1088 1943 1151 vel
1971 1088 2043 1172 ipsa
2063 1108 2125 1152 no·

373 1212 466 1272 mina
486 1205 657 1287 Pomponii
677 1202 767 1289 apud
787 1202 944 1283 Umbros,
955 1202 1108 1285 Pompilii
1129 1205 1218 1290 apud
1237 1204 1394 1286 Sabinos,
1415 1205 1567 1291 Pompeii
1588 1203 1676 1292 apud
1687 1206 1790 1268 Oscos
1810 1215 1988 1286 testantur,
2010 1222 2126 1270 secum

375 1325 457 1391 dum
478 1345 564 1409 quae
587 1322 731 1417 Taerpejo
751 1340 885 1407 quoque
905 1342 1008 1407 rupes
1029 1325 1153 1387 montis
1176 1322 1361 1410 Capitolini
1381 1345 1449 1390 non
1470 1324 1611 1391 differre
1631 1323 1768 1390 videtur
1787 1325 1829 1389 ab
1843 1324 1930 1388 Osco
1955 1322 2127 1408 Tamasis·

374 1446 447 1509 sive
472 1442 667 1508 Torcionu's
687 1442 792 1507 Tusci
814 1443 950 1507 nomine
975 1441 1151 1525 Tospini03
1182 1448 1282 1507 nemo
1313 1453 1427 1509 umen
1455 1463 1560 1531 porro
1580 1446 1799 1533 peregrinum
1819 1443 1963 1507 Latinae
1989 1444 2126 1533 linguae

374 1565 591 1643 elementum,
622 1560 713 1646 quod
733 1560 860 1624 Siculis
880 1563 995 1646 potius
1023 1581 1064 1624 ex
1084 1562 1198 1625 Iberia
1219 1561 1430 1646 Thucydidis
1451 1562 1485 1626 h.
1509 1582 1539 1627 e.
1561 1563 1675 1627 Gallia
1703 1561 1859 1626 oriundis
1879 1562 2032 1638 debetur,
2062 1564 2126 1628 tri·

374 1682 480 1746 buere
500 1683 628 1767 poterit
650 1679 906 1768 Aboriginibus.
947 1679 1048 1763 Quod
1074 1690 1115 1744 ut
1134 1683 1261 1745 rectius
1287 1684 1526 1769 perspiciatur,
1557 1680 1684 1746 addere
1709 1679 1871 1765 quaedam
1897 1681 1985 1744 milii
2012 1683 2124 1758 liceat,

320 1858 330 1872 ,
375 1820 459 1885 quae
481 1788 629 1863 nondum
649 1801 731 1862 satis
751 1798 926 1863 intellecta
947 1796 1057 1862 tideo.
1102 1797 1273 1864 Maximus
1305 1803 1395 1864 enim
1415 1820 1516 1864 error
1536 1798 1615 1863 inde
1635 1809 1734 1864 natus
1762 1809 1823 1879 est,
1856 1797 1948 1884 quod
1973 1801 2126 1885 plerique

376 1916 507 1983 easdem
528 1928 639 1982 terras
660 1915 781 1980 iisdem
801 1920 874 1981 fere
895 1916 1088 1985 nominibus
1109 1920 1293 2003 appellatas
1303 1929 1477 2005 putarunt,
1500 1917 1541 1981 de
1561 1938 1644 1983 vera
1652 1919 1690 1983 vi
1710 1920 1885 1981 nominum
1906 1916 1995 2003 apud
2015 1916 2128 1982 direr-

374 2056 428 2102 sos
449 2039 634 2121 scriptores
655 2038 776 2102 securi.
819 2035 867 2100 Ut
888 2037 1043 2099 omittam
1063 2038 1268 2119 antiquiora,
1296 2057 1380 2123 quae
1400 2038 1484 2102 alias
1505 2037 1682 2101 illustrare
1703 2038 1864 2118 conabor,
1885 2038 1928 2102 ab
1949 2032 2127 2100 Herodoto

374 2158 488 2241 primo
518 2156 695 2238 incipiam,
722 2156 883 2247 quicum
910 2153 938 2231 I,
952 2156 1022 2220 163.
1051 2153 1233 2218 scriberet:
1280 2149 1325 2221 Oi
1352 2153 1389 2222 de
1420 2151 1800 2240 Φωκαιέεςωασιιλίῃοι
1824 2157 1972 2246 μακρῇσι
1997 2154 2130 2239 πρῶτον

373 2264 535 2357 Ἑλλήνων
555 2265 746 2359 ἐχρήσαντο·
767 2265 825 2334 καὶ
844 2262 902 2334 τόν
922 2291 958 2335 το
975 2260 1111 2357 Ἀδρίην
1131 2267 1188 2337 καὶ
1208 2270 1269 2354 τήν
1293 2270 1480 2363 Τυρσηνίην
1500 2271 1560 2342 καὶ
1579 2274 1640 2358 erlo
1648 2269 1796 2363 Ἰβηρίην
1818 2272 1877 2341 καὶ
1896 2271 1956 2341 τὸν
1980 2276 2130 2363 Taamo-

376 2386 436 2458 σὸν
457 2377 555 2455 οὗτοί
575 2408 641 2454 εισι
662 2381 697 2453 οἱ
716 2385 967 2467 καταδέξαντες·
990 2386 1149 2467 ostendit,
1178 2390 1299 2472 quibus
1320 2392 1514 2452 nominibus
1535 2392 1798 2454 Phocaeensium
1828 2395 2012 2481 periegesis
2044 2394 2130 2456 auti·

376 2529 474 2592 quam
496 2505 715 2572 occidentalis
736 2505 891 2590 Europae
912 2503 1177 2588 descriptionem
1205 2503 1409 2572 distinxerit.
1452 2506 1542 2570 Nam
1567 2509 1598 2568 si
1625 2504 1711 2570 duae
1740 2518 1853 2591 partes
1880 2507 2018 2588 Italiae,
2053 2529 2131 2594 quas

374 2625 571 2711 Apenninus
592 2623 766 2710 disjungit,
796 2622 903 2685 Adria
923 2632 959 2685 et
978 2621 1175 2704 Tyrrhenia
1202 2631 1379 2703 vocantur,
1409 2643 1551 2708 quarum
1579 2627 1719 2685 nomina
1737 2622 1951 2687 Adriaticum
1979 2635 2014 2689 et
2041 2627 2132 2710 Tyr·

376 2743 556 2808 rhenicum
576 2761 671 2804 mare
691 2741 853 2819 serravit,
864 2739 976 2803 iberia
997 2738 1191 2803 estGalliae
1212 2758 1275 2803 ora
1294 2741 1464 2820 australis,
1477 2740 1654 2804 Tartessus
1677 2750 1795 2805 contra
1815 2741 1930 2805 Iberia
1949 2746 2131 2811 seriorum.

379 2974 579 3071 εὑρίσκωσι,
591 2976 724 3068 Ἴβηρες
746 2967 839 3052 ὄντος
858 2972 916 3041 καὶ
937 2965 1006 3039 ἀπὸ
1027 2970 1089 3038 τοῦ
1108 2971 1252 3038 Σικανοῦ
1271 2973 1431 3056 ποταμοῦ
1450 2973 1513 3039 τοῦ
1525 2967 1701 3065 ἒνἸβηρίᾳ
1722 2969 1789 3044 ὑπὸ
1804 2972 1944 3060 Λιγύων
1965 2972 2130 3047 ἀναστάν-

378 3122 434 3178 τος
454 3092 633 3181 (Σικανοί)·
656 3098 830 3186 regionem
851 3096 943 3156 iuter
963 3093 1072 3156 fontes
1092 3088 1266 3174 Sequanae
1287 3100 1322 3155 et
1341 3090 1486 3178 Ligeris,
1507 3091 1568 3154 ubi
1588 3092 1772 3159 secundum
1794 3095 1969 3179 Scylacem
1984 3098 2130 3185 Carystu-

379 3218 514 3284 densem
534 3228 612 3304 post
630 3217 746 3280 iberos
767 3221 954 3298 sequuntur
966 3212 1110 3299 Ligures
1132 3220 1167 3274 et
1177 3208 1269 3273 Iberi
1289 3211 1388 3275 mixti
1408 3228 1512 3295 usque
1533 3209 1576 3274 ad
1590 3210 1789 3277 Rhodanum
1809 3215 1963 3298 flauum,
1984 3218 2132 3285 Iberiam

379 3340 525 3405 vocarit.
570 3337 678 3420 Quam
699 3343 803 3421 prave
823 3343 934 3396 tamen
955 3331 1094 3399 Servius
1115 3328 1326 3415 Thucydidis
1354 3332 1458 3397 rerba
1479 3335 1721 3417 interpretatus
1741 3335 1798 3414 sit,
1831 3355 1933 3419 supra
1952 3342 2022 3422 jam
2043 3337 2133 3402 indi·

380 3460 475 3538 cavi,
509 3456 567 3520 sed
599 3455 762 3541 pessimae
796 3453 947 3515 omnium
969 3450 1138 3536 opinionis
1160 3459 1281 3513 auctor
1301 3452 1369 3516 fuit
1389 3450 1573 3534 Dionysius
1593 3453 1906 3536 Halicarnasseusis,
1939 3458 2008 3541 qui,
2031 3479 2132 3542 quum

379 3575 473 3657 1,22.
494 3578 608 3640 varias
629 3572 670 3635 de
692 3570 898 3657 populorum
927 3567 1048 3633 ltaliae
1076 3578 1110 3632 et
1136 3566 1278 3632 Siciliae
1307 3572 1440 3658 origine
1466 3574 1646 3635 sententias
1676 3573 1870 3652 invenisset,
1903 3573 2133 3658 Pherecydem

381 3693 471 3758 nulli
491 3690 747 3788 Atheniensium
770 3691 806 3752 in
826 3685 1013 3752 scribendis
1039 3687 1245 3776 genealogiis
1272 3686 1456 3753 secundum
1482 3689 1525 3770 (I,
1538 3691 1604 3770 13.)
1632 3692 1727 3775 sequi
1753 3693 1888 3771 maluit,
1921 3713 2022 3776 quam
2052 3714 2130 3757 cum

381 3791 571 3876 sanioribus
594 3809 767 3873 historicis
788 3810 957 3872 incertum
978 3807 1184 3890 relinquere,
1207 3805 1296 3890 quod
1317 3805 1440 3872 diserte
1462 3810 1628 3871 affirmari
1649 3829 1717 3874 non
1738 3820 1859 3894 potest.
1882 3809 2017 3890 1s'1,1o.
2041 3822 2132 3877 recte

382 3929 517 4017 quidem
538 3938 616 4015 post
635 3948 737 3993 vanas
758 3927 1052 4013 interpretationes
1074 3927 1220 3988 nominis
1241 3921 1477 4014 Aboriginum,
1507 3927 1675 3990 Romanae
1695 3930 1805 4014 'gentis
1827 3937 2017 4010 auctorum,
2039 3929 2132 3994 addi·

382 4049 449 4114 dit:
471 4045 588 4113 ’Ἄλλοι
609 4045 647 4114 δὲ
667 4048 805 4134 Λιγύων
826 4039 996 4121 ἀποίκους
1015 4040 1266 4128 μυθολογοῦσιν
1287 4035 1391 4122 αὐτὸς
1411 4040 1582 4131 γενέσθαι,
1609 4044 1675 4111 νῦν
1696 4036 1911 4132 ὁμορούντων
1931 4047 2129 4135 Ὀμβρικοῖς·

381 4162 417 4234 oi
435 4165 501 4257 γὰρ
529 4161 657 4254 Λίμνος
687 4162 817 4233 οἰκοῦσι
844 4162 905 4248 μὲν
930 4160 988 4230 καὶ
1015 4164 1075 4250 τῆς
1093 4156 1238 4240 Ἰταλίας
1265 4161 1427 4249 πολλαχῆ,
1448 4165 1605 4247 νέμονται
1631 4164 1667 4231 δέ
1691 4184 1765 4229 τινα
1791 4163 1849 4231 καὶ
1875 4167 1936 4252 τῆς
1963 4169 2129 4253 Κελτικῆς·

382 4279 531 4374 ὁποτέρα
554 4277 701 4362 δἀῦτοῖς
721 4281 792 4352 ἔστι
812 4284 854 4371 γῆ
875 4278 1010 4372 πατρὶς,
1031 4273 1167 4370 ἄδηλον·
1183 4274 1244 4349 εἰδὲ
1265 4278 1329 4371 γὰρ
1350 4281 1400 4349 ἔτι
1411 4281 1545 4370 λέγεται
1565 4279 1645 4374 περὶ
1665 4282 1775 4350 oderis
1795 4280 2003 4374 προσωτέρω
2025 4282 2131 4372 σαφὲς

381 4397 812 4474 desertissimum
834 4401 985 4482 eruendi,
1010 4422 1094 4486 quae
1116 4399 1269 4483 eruendi,
1292 4422 1376 4487 quae
1398 4401 1546 4467 eruenda
1566 4413 1731 4485 nonsnnt,
1753 4404 1835 4468 haec
1856 4402 2025 4484 disseruit,
2048 4424 2132 4489 quae

382 4545 423 4589 ex
443 4527 568 4590 Latina
587 4525 742 4589 versione
763 4525 918 4608 proferre
938 4522 1046 4584 liccat.

550 4643 766 4711 »Doctissinti
793 4640 1020 4705 Romanorum
1047 4641 1266 4723 scriptorum,
1299 4641 1427 4726 inquit,
1460 4646 1550 4705 inter
1580 4661 1662 4725 quos
1694 4651 1744 4706 est
1774 4641 1912 4705 Porcius
1944 4637 2041 4722 Cato,
2073 4647 2133 4725 qui

385 4760 602 4828 »Italicarum
622 4762 758 4824 urbium
780 4763 928 4848 origines
950 4761 1200 4823 accuratissime
1222 4758 1372 4848 collegit,
1393 4768 1429 4824 et
1449 4757 1486 4824 C.
1508 4759 1738 4847 Sempronius,
1767 4769 1802 4823 et
1822 4759 1923 4823 multi
1943 4760 2016 4840 alii,
2038 4762 2132 4839 aiunt

385 4878 606 4966 »Aborigines
627 4899 697 4942 esse
718 4899 759 4942 ex
780 4881 823 4942 iis
845 4878 995 4958 Graccis,
1019 4881 1076 4963 qui
1098 4877 1263 4963 quondam
1285 4880 1320 4940 in
1341 4877 1467 4963 Acbaja
1487 4878 1573 4956 (b.e.
1596 4875 1752 4956 Graecia)
1772 4875 1976 4956 babitarent,
1999 4877 2131 4942 etmul-

386 5001 449 5064 ntis
470 5008 546 5062 ante
567 4998 693 5062 bellum
714 4997 903 5081 Trojanum
933 4997 1098 5063 aetatibus
1125 4995 1205 5060 inde
1230 4998 1427 5086 migrarant.
1471 4997 1601 5063 Verum
1631 5007 1740 5062 tarum
1768 4997 1881 5061 verbis
1909 4994 2042 5060 disertis
2062 5013 2130 5061 nou

386 5117 571 5198 ascribunt,
600 5126 659 5182 aut
679 5137 722 5179 ex
751 5137 816 5203 qua
837 5116 967 5182 Graeca
993 5120 1129 5183 natione
1150 5118 1291 5197 fuerint,
1321 5127 1379 5184 aut
1401 5136 1442 5181 ex
1464 5137 1527 5201 qua
1548 5116 1635 5181 urbe
1654 5115 1847 5204 migrarint,
1879 5124 1939 5182 aut
1959 5133 2027 5200 quo
2048 5125 2131 5179 tem·
