4675 6000
1114 797 1364 860 *a*

797 1034 835 1111 2.
884 1032 1081 1111 Posterior
1107 966 1259 1110 bubulae
1282 1028 1494 1111 Abellanae
1515 1024 1676 1140 pagina.

532 1205 572 1269 In
593 1205 783 1291 posteriora
803 1200 938 1268 tabulae
957 1204 1081 1290 pagina
1101 1212 1154 1269 tot
1174 1200 1312 1288 quidem
1333 1222 1450 1268 uersus
1469 1204 1526 1269 vel
1546 1205 1584 1268 in
1604 1205 1740 1270 sinistra
1761 1205 1816 1269 vel
1837 1208 1873 1268 in
1895 1205 2014 1272 dextra
2035 1229 2117 1295 quo·

368 1334 538 1414 quoparte
551 1325 800 1402 truncatisunt,
821 1332 949 1387 utnon
970 1323 1084 1386 omnia
1103 1324 1185 1389 satis
1205 1324 1332 1408 possint
1353 1325 1536 1409 expliceri3
1565 1320 1635 1404 sed,
1657 1323 1736 1389 dum
1757 1323 1857 1390 modo
1873 1328 1977 1391 venia
1997 1331 2042 1393 sit
2061 1349 2118 1415 pe·

345 1444 544 1522 ·-riclitauti‚
572 1443 666 1506 facili
693 1440 889 1521 conjectura
914 1441 1105 1527 supplendi.
1148 1443 1264 1517 Prima
1284 1442 1398 1524 verba,
1427 1446 1511 1508 lieet
1538 1444 1654 1506 multis
1675 1443 1718 1507 de
1745 1446 1855 1509 carneis
1881 1448 2011 1513 ineerta
2037 1451 2148 1541 sint,.

367 1567 417 1629 sio
437 1574 549 1628 tamen
569 1561 717 1648 intelligi
738 1564 910 1647 poterunt,
932 1562 962 1622 si
981 1558 1141 1645 lapidem,
1162 1538 1349 1625 inAbellae
1370 1561 1465 1625 urbis
1485 1560 1665 1626 ruderibus
1686 1576 1869 1649 repertum,
1891 1565 1933 1628 ab
1946 1560 2118 1631 Abellanis

365 1676 415 1747 sid
435 1683 635 1767 inscriptum
656 1689 823 1766 putemus,
845 1681 940 1764 quasi
961 1678 1193 1745 oamNolanis
1213 1680 1499 1764 colloquerentur.
1544 1680 1696 1769 Incipit
1690 1685 1780 1746 euim
1800 1686 1978 1769 inscriptio
1999 1706 2020 1750 a
2041 1702 2143 1751 νεῖν

275 1861 279 1875 ,
363 1801 419 1881 bis
439 1802 563 1884 emupot'
581 1802 696 1866 vestiri
715 1800 785 1865 bist
806 1802 878 1864 sive
899 1798 1001 1866 aliua
1020 1798 1123 1867 vestii
1142 1799 1216 1877 (seu
1229 1802 1342 1885 potius
1363 1806 1512 1873 verenam)
1534 1803 1608 1867 rivi.
1651 1803 1737 1882 Mai,
1760 1800 2117 1888 anaaie(mugis)llau-

368 1922 459 1984 tinae
478 1918 612 1985 tabulae
633 1916 836 2000 derivatum,
858 1916 1087 1982 Romanorum
1106 1938 1201 2002 muge
1221 1929 1282 1999 est,
1304 1917 1374 1999 aed,
1396 1918 1486 2002 quod
1507 1918 1654 2001 eJusdem
1675 1923 1768 1985 vocis
1789 1925 1949 2007 repetitio
1970 1944 2002 1989 r.
2014 1925 2044 1989 l.
2058 1921 2118 1986 do·
2192 1964 2197 1977 ·

366 2048 431 2118 ost,
451 2058 514 2124 pro
525 2036 688 2103 adverbio
708 2034 812 2104 nihilo
831 2038 936 2103 minus
955 2040 1060 2102 siret
1172 2036 1418 2123 accipiendum,
1439 2037 1717 2122 quemadmodum
1727 2040 1954 2124 Italicarum,
1975 2042 2120 2105 Franco·

365 2153 537 2220 Gallicum
556 2159 647 2236 muts,
669 2154 912 2220 Hollandicum
932 2175 1028 2224 maer.
1062 2056 1183 2223 wne
1195 2154 1300 2222 dubio
1321 2177 1398 2224 sune
1418 2154 1602 2246 supplenda
1623 2168 1673 2222 est
1692 2146 1900 2240 conjunctio,
1922 2160 2120 2246 quamlegis
2150 2174 2192 2215 a·

367 2278 457 2339 ratio
479 2275 635 2359 postulat,
654 2274 815 2358 prupobt'r
834 2292 917 2341 vero
936 2275 1100 2367 ppppobt'd
1118 2274 1310 2364 legendum,
1339 2286 1379 2347 ut
1405 2278 1548 2342 uerbum
1573 2280 1617 2341 sit
1634 2280 1848 2361 propinquat,
1876 2277 1965 2341 unda
1985 2276 2119 2341 dativus
2185 2288 2194 2309 ¹

365 2397 531 2460 temones·
550 2394 771 2473 tradamaue·
790 2392 971 2462 Abellanoi·
985 2396 1101 2473 (vetito
1122 2393 1304 2477 qualiquali
1324 2389 1486 2473 Abeitpne
1507 2397 1577 2458 scil.
1601 2394 1686 2469 solo)
1712 2395 1906 2479 dependeat.
1946 2368 2016 2461 *Sie
2041 2396 2119 2477 sapt

366 2522 443 2596 post
469 2514 564 2578 ments
585 2510 714 2594 (stolus
741 2513 850 2591 (uuna
874 2511 1027 2595 proprisi
1055 2514 1126 2575 sive
1153 2512 1252 2574 malis
1280 2508 1440 2590 muamus
1459 2513 1546 2588 s)iuv
1570 2514 1680 2588 (manu
1698 2510 1772 2591 aaa)
1793 2529 1857 2598 pro
1878 2512 1980 2595 hepid
2000 2512 2119 2599 (capit)

276 2700 280 2721 ,
365 2631 529 2715 scriptum
549 2638 611 2709 est,
632 2620 711 2693 eum
733 2627 848 2693 dativo
866 2629 1037 2713 pabulator·
1058 2628 1252 2711 speculatur)
1274 2628 1492 2716 jungendum.

532 2745 623 2828 Quid
644 2748 680 2807 in
690 2746 756 2807 fine
768 2747 881 2828 quarti
893 2743 1244 2831 uersus-supplendum
1254 2748 1310 2827 sit,
1332 2748 1527 2826 conjectura
1547 2746 1678 2831 assequi
1698 2749 1757 2812 vix
1778 2744 1877 2827 lieet;
1899 2747 1987 2810 nihil
2009 2759 2120 2813 tamen

366 2863 588 2941 desideratur,
618 2861 707 2947 quod
728 2864 928 2927 sententiam
948 2872 1066 2941 mutet,
1095 2866 1254 2946 quoniam
1272 2865 1445 2948 pabulatoi
1464 2866 1698 2952 peculatum
1686 2886 1723 2928 un
1750 2868 1921 2950 privatum
1942 2887 2040 2931 usum
2060 2866 2119 2930 de
2119 2930 2126 2941 ,

365 2986 487 3074 signat,
512 2982 608 3048 tritri
625 2980 961 3114 bebetuksreropro
961 2984 1047 3047 trica
1067 2977 1307 3072 κακοτέχνῳ
1328 2982 1906 3071 sivedolonulopositumuidetur.
1927 2982 2118 3069 undesipus
2153 3001 2156 3010 ·

366 3101 548 3167 eBantine
568 3100 682 3165 tabula
702 3101 853 3185 suppleri
868 3057 992 3185 polest.
1010 3100 1101 3164 Tum
1121 3099 1212 3166 deuel
1229 3103 1381 3187 suppleri
1402 3111 1534 3198 potest
1533 3106 1607 3174 inae
1627 3105 1701 3167 sive
1710 3103 1798 3168 inab
1819 3102 1852 3183 (e
1873 3116 1908 3168 et
1929 3105 1949 3169 k
1970 3106 2058 3168 euim
2080 3107 2119 3168 in
2140 3121 2148 3146 ¹
2186 3141 2205 3162 .=

367 3220 540 3287 Heraklkis
560 3219 588 3301 Ι,
601 3222 630 3286 4;
653 3238 716 3305 pro
738 3213 908 3284 Heretteis
930 3221 1019 3282 inter
1039 3231 1075 3298 se
1097 3215 1353 3303 permutentur)
1367 3213 1424 3296 liis
1444 3221 1540 3299 esto),
1570 3217 1650 3304 quia
1669 3222 1746 3287 inim
1767 3224 1832 3287 isui
1853 3223 1895 3288 lis
1914 3218 2117 3303 Abeldunor)

367 3337 521 3425 sequitur
541 3340 573 3404 h.
597 3355 626 3403 a.
649 3342 724 3404 item
744 3336 885 3411 eodan(
870 3336 1029 3416 (ratione)
1051 3337 1094 3402 lia
1114 3331 1276 3404 Atellano
1297 3338 1370 3402 soil.
1393 3337 1484 3403 idem
1504 3341 1669 3424 peccanti.
1717 3333 1757 3401 In
1785 3342 1938 3405 versibus
1963 3344 2118 3427 proxime

366 3459 582 3543 sequentibus
607 3453 694 3519 nihil
720 3458 792 3518 iere
820 3456 1002 3534 interiisse,
1030 3452 1135 3518 verba
1156 3452 1278 3520 docent
1299 3461 1369 3539 jam
1395 3471 1497 3542 supra
1519 3455 1653 3519 laudata
1673 3451 1993 3544 Sesetettangtaod
2011 3437 2118 3550 sarda

357 3575 526 3657 isaeus
547 3574 695 3640 consulto
715 3575 907 3654 sapientior
938 3589 1039 3635 unam
1065 3571 1166 3654 modo
1194 3573 1330 3638 literam
1356 3576 1505 3659 suppleo,
1536 3584 1575 3637 ut
1594 3593 1659 3659 pro
1687 3597 1747 3641 atta
1767 3578 1843 3645 ab.
1866 3577 2001 3667 legatur
2028 3601 2116 3645 muns

367 3696 442 3761 h.e.
464 3693 641 3777 audendus
662 3701 763 3776 atque
785 3707 859 3754 oum
872 3687 985 3755 dativo
997 3691 1140 3774 pluralis
1162 3693 1297 3786 numeri
1318 3693 1488 3758 mullauoir
1510 3671 1681 3780 jungebar.
1723 3696 1875 3760 Maliane
1896 3707 2008 3762 autem
2029 3699 2116 3764 male
2205 3749 2208 3761 .

366 3815 455 3877 tarta
481 3814 553 3877 sire
577 3819 714 3896 paccata
741 3809 961 3893 interpretor,
988 3809 1108 3893 quibus
1128 3809 1221 3876 latui
1241 3811 1370 3890 (cantui
1390 3815 1462 3877 siva
1483 3815 1643 3888 anutium)
1664 3816 1709 3877 sit
1728 3805 1927 3882 saturatum
1948 3818 2119 3884 Herakleia

367 3947 400 3997 t·
415 3935 476 4011 tl„
498 3925 682 4014 anteqaod,
704 3931 761 3992 eui
783 3928 876 4008 libet,
899 3925 1042 3991 verbum
1062 3927 1109 3992 ist
1128 3930 1205 4005 (est)
1224 3932 1389 4016 suppleat,
1412 3928 1693 4016 quemadmodum
1709 3935 1992 4019 praepositionem
2002 3939 2128 4021 pastio·
2205 4017 2210 4026 Ι

368 4052 468 4132 (pro),
491 4068 576 4134 quae
596 4048 624 4127 1,
635 4050 667 4116 8.
690 4047 829 4136 legitur,
851 4055 928 4110 anto
948 4025 1135 4112 ablativum
1155 4048 1290 4132 ataugia
1308 4049 1471 4130 (termine)
1491 4071 1525 4116 v.
1542 4052 1594 4118 12
1636 4046 1704 4115 Por
1724 4060 1775 4114 est
1794 4054 1977 4121 relativum
1997 4055 2118 4121 adter-

368 4169 461 4232 biatu
483 4187 547 4252 pro
568 4158 656 4233 brco'
664 4187 707 4232 te
727 4169 799 4230 sive
821 4167 934 4252 potius
955 4174 1124 4249 protereus,
1153 4165 1212 4230 sed
1229 4167 1292 4250 pid
1310 4177 1385 4254 post
1410 4169 1484 4234 olus
1505 4169 1576 4238 (itte
1596 4168 1670 4231 soil.
1690 4173 1838 4250 senatus)
1861 4174 1999 4238 Aeolica
2019 4192 2116 4260 prae-

366 4290 490 4375 positio
509 4281 619 4353 πέδοι
639 4304 702 4372 pro
722 4277 810 4367 μετά
830 4284 942 4363 (casm)=
968 4282 1058 4349 unde
1084 4283 1215 4368 ligu(2'a)
1236 4286 1322 4351 mihi
1348 4307 1417 4351 non
1442 4297 1512 4349 tam
1537 4304 1601 4370 pro
1623 4286 1752 4370 legibus
1773 4284 1874 4371 quatu
1895 4305 1959 4376 pro
1982 4279 2116 4378 collegis

359 4407 516 4492 positum
535 4425 606 4469 esse
625 4403 772 4470 uidetur.
813 4401 993 4467 Adduutur
1012 4404 1144 4468 scilieet
1162 4407 1352 4468 numeralia
1371 4404 1482 4487 fusus
1494 4404 1582 4468 setas
1597 4401 1892 4490 (quinquertium)
1913 4426 1990 4471 curn
2010 4411 2117 4477 uerbo

366 4524 534 4605 bumsened
560 4525 725 4609 (conflabit
753 4525 824 4586 sive
844 4523 992 4604 decidit),
1020 4518 1301 4606 quemadmodmn
1327 4523 1535 4600 nominativo
1561 4523 1763 4589 suburublom
1783 4525 1953 4592 Herettete
1980 4505 2118 4595 additur

368 4641 506 4728 (pastio)
539 4644 674 4727 elargiri
701 4644 771 4726 pud
800 4647 847 4708 iat
877 4641 980 4727 (prod
1009 4655 1057 4708 est
1087 4661 1149 4725 pro
1184 4638 1344 4720 termino)‚·
1376 4652 1411 4704 et
1440 4640 1556 4727 paullo
1575 4637 1659 4726 'post
1684 4639 1756 4726 ped
1779 4654 1873 4708 anter
1893 4652 1988 4711 terem
2009 4648 2116 4730 m(e)o·

368 4783 420 4828 see
440 4767 486 4828 ist
507 4756 609 4846 (quod
628 4766 717 4827 intre
739 4774 855 4827 terrem
876 4763 1006 4827 mediam
1027 4763 1100 4843 esi).
1135 4757 1422 4844 Quemadmodum
1443 4761 1478 4822 iu
1498 4780 1597 4824 mosee
1617 4761 1741 4826 vocalis
1762 4781 1790 4840 e,
1812 4761 1862 4827 sie
1883 4764 1919 4826 in
1942 4773 2007 4832 teet
2017 4783 2050 4831 v.
2062 4769 2114 4834 12.

366 4890 453 4949 extr.
476 4885 657 4944 consonans
680 4886 839 4946 remissa
861 4880 1008 4961 videtur,
1038 4879 1104 4943 uisi
1133 4888 1198 4943 teet
1219 4897 1282 4964 pro
1305 4888 1387 4943 teret
1408 4881 1481 4943 sive
1502 4887 1605 4943 terret
1624 4877 1673 4943 sie
1694 4883 1841 4965 positum
1862 4893 1924 4965 est,
1958 4884 2116 4968 quemad·

367 4998 503 5064 modum
527 5003 568 5065 tt't
589 5020 653 5084 pro
676 5004 764 5066 timet
785 5002 821 5063 in
843 4997 990 5063 Tuderti
1010 4997 1133 5063 Martie
1155 4998 1374 5080 inscriptione
1394 5016 1496 5085 supra
1516 4997 1662 5066 laudata.
1705 4995 1831 5066 Pendet
1849 5000 1928 5066 inde
1948 5003 2115 5076 ablativus

362 5118 555 5203 puttpeisod
573 5110 786 5208 (butrionlp,
810 5138 829 5181 u
851 5116 945 5197 furto
959 5120 1030 5182 sive
1040 5115 1226 5199 peniteret·
1246 5116 1371 5183 sacella
1390 5137 1474 5185 vero
1494 5116 1678 5185 secundum
1689 5118 1822 5185 Festum
1833 5118 2115 5188 dicebantutloea
